2828 4612
619 308 793 371 ..64-

279 481 422 546 Primum
456 485 542 546 enim
575 485 700 567 quaerih
734 487 811 568 quid
845 486 906 549 sibi
939 486 1018 550 velit
1043 486 1237 551 vocabulum

172 607 304 683 interea,
340 631 414 671 nam
449 608 508 672 hoc
542 609 723 693 significare
758 632 848 692 posse
872 611 966 675 dicit:
998 612 1073 675 dum
1096 611 1237 677 creditor

172 732 213 794 ad
247 733 413 796 introitum
448 734 574 798 macelli
609 756 663 797 eos
698 739 876 817 exspectat:
911 735 1023 799 deinde
1047 736 1088 799 de
1111 736 1238 800 modica

173 857 299 920 luxuria
333 860 466 922 istorum
501 859 685 923 helluonum
708 861 840 938 iocatur,
863 862 948 943 quod
970 882 1034 924 non
1056 860 1090 923 in
1114 860 1238 925 ferculo

171 984 229 1046 sed
251 987 375 1045 tantum
399 984 433 1045 in
456 985 681 1065 promulsidem
703 989 863 1067 sumptum
887 985 1084 1067 impendant.
1119 982 1240 1049 Irridet

173 1112 317 1170 ventrem
353 1107 462 1171 horum
499 1108 672 1186 hominum,
708 1109 762 1191 qui
798 1115 863 1171 tam
898 1131 999 1192 capax
1025 1130 1096 1172 esse
1120 1110 1240 1173 dicitur

173 1232 217 1311 (v.
253 1232 320 1311 41).
356 1236 391 1295 ut
425 1255 487 1295 non
520 1234 613 1296 modo
647 1255 763 1317 greges
798 1230 947 1316 pecorum
974 1232 1156 1297 sedetiam
1180 1232 1240 1298 toti

174 1358 245 1441 agri
269 1358 302 1420 in
328 1380 365 1419 eo
390 1357 533 1441 demergi
557 1358 689 1440 possint.
728 1358 835 1440 Atque
856 1358 1005 1440 quoniam
1021 1361 1054 1420 ct
1069 1356 1240 1421 helluones

173 1486 205 1545 et
239 1483 341 1565 pudor
375 1483 443 1564 ipse
479 1504 517 1545 ex
553 1483 631 1546 urhe
668 1484 780 1565 fugere
816 1483 972 1559 dicuntur,
1007 1482 1136 1564 quaerit,
1161 1482 1239 1566 quid

173 1608 283 1690 paucis
308 1607 371 1699 illis
395 1606 586 1681 hominihus,
603 1607 658 1688 qui
675 1629 704 1669 v.
722 1608 763 1669 55
780 1606 992 1685 nominantur,
1008 1607 1171 1688 reliquum
1187 1608 1238 1670 sit.

280 1730 342 1794 Sed
377 1731 447 1795 aliae
483 1753 606 1812 quoquc
643 1752 745 1793 causae
778 1754 797 1792 a
820 1729 999 1794 Ribbeckio
1021 1730 1128 1794 allatae
1153 1735 1239 1811 sunt,

174 1878 230 1919 cur
264 1878 314 1917 vv.
354 1857 460 1917 1--55
497 1878 554 1937 pro
582 1856 698 1937 spuriis
721 1855 924 1930 haberentur,
949 1856 1033 1918 inter
1055 1877 1137 1938 quas
1162 1878 1240 1941 gra·

173 1980 303 2043 sissima
339 2002 375 2042 ea
412 1980 478 2042 sine
515 1980 611 2042 dubio
648 1983 705 2055 est,
733 1981 816 2062 qood
839 1981 942 2062 primo
965 1980 1079 2043 saltem
1105 1984 1240 2063 aspectu

174 2104 341 2168 dissimilia
375 2105 459 2166 inter
494 2126 526 2166 se
563 2125 600 2165 ea
634 2104 790 2180 videntur,
826 2125 897 2185 quae
921 2127 969 2167 vv.
997 2104 1166 2168 l--55'et
1189 2128 1239 2169 vr.

174 2231 326 2292 56-208
351 2231 539 2290 tractantur.
579 2225 655 2300 Quae
679 2232 786 2288 tamen
811 2228 1044 2307 dissimilitudo,
1061 2232 1098 2291 ut
1114 2230 1238 2312 opinor,

172 2353 327 2436 expliacri
352 2344 465 2435 potest.

280 2477 435 2540 Versibus
473 2479 635 2555 55—208,
673 2476 727 2559 qui
760 2479 791 2538 et
823 2477 975 2539 maiorem
999 2480 1030 2540 et
1054 2478 1239 2561 graviorem

173 2605 297 2685 partem
333 2603 439 2664 satirae
476 2602 625 2676 efficiunt,
662 2601 828 2683 prologum
855 2601 1069 2663 necessarium
1094 2624 1177 2683 esse,
1203 2625 1241 2666 ea

173 2728 272 2790 vcrba
296 2727 510 2787 demonstrare
535 2724 614 2786 mihi
638 2725 794 2799 videntur,
819 2746 889 2806 quae
916 2748 943 2787 v.
968 2727 1009 2786 56
1033 2725 1208 2809 leguntur:

325 2925 474 3000 experiere
497 2924 592 2992 hodie,
618 2944 687 2979 num
713 2923 783 2996 quid
807 2924 1004 2998 pulcherrima
1029 2924 1121 2995 dictu,

326 3032 451 3099 Persice,
477 3050 535 3088 non
558 3034 696 3104 praestem
720 3030 782 3086 vita

281 3220 331 3284 lta
365 3224 460 3303 poeta
496 3220 625 3281 satiram
661 3219 800 3300 incipere
836 3241 896 3281 non
920 3223 1044 3300 poterat
1067 3220 1131 3284 nisi
1156 3244 1243 3304 prae-

174 3348 278 3410 missis
314 3346 434 3428 aliquot
468 3344 621 3420 versibus
650 3343 819 3424 inquibus
844 3343 911 3406 haec
934 3344 1033 3406 verba
1057 3347 1244 3410 accuratius

174 3476 206 3535 et
241 3471 415 3554 copiosius·
433 3469 617 3550 explicaret.
664 3466 716 3528 An
751 3467 814 3529 rari
848 3471 920 3529 suut
944 3468 1026 3548 apud
1052 3465 1245 3534 Iuvenalem

174 3597 241 3658 eins
276 3595 360 3658 modi
395 3592 531 3675 prologi,
566 3591 736 3672 inquibus
761 3591 798 3651 de
823 3591 1146 3674 materiaproposita
1170 3596 1246 3658 uni-

174 3741 263 3782 verse
299 3719 456 3800 loquatur,
487 3719 658 3796 antequam
693 3715 732 3775 ad
765 3713 890 3795 singula
915 3714 1060 3796 exempla
1083 3719 1247 3798 transeat,

175 3843 289 3925 quihus
326 3864 372 3920 ea,
409 3862 479 3922 quae
517 3837 754 3924 antecesserint,
790 3860 828 3900 ex
852 3838 936 3899 omni
960 3842 1051 3919 parte
1076 3839 1248 3908 illustrare

174 3966 274 4030 velit?
310 3964 389 4028 Tam
414 3985 541 4027 conexae
567 3965 598 4025 et
622 3959 775 4042 copulatae
800 3960 848 4023 hae
874 3965 979 4043 partes
996 3961 1028 4023 in
1045 3964 1157 4029 satiris
1176 3969 1249 4033 eius
