3062 4808
597 416 637 424 -
663 381 701 444 81
729 417 769 426 „.
856 407 860 418 ,

240 583 354 640 semper
377 583 432 640 ego
456 563 575 622 auditor
598 567 737 622 tantum?
760 577 960 640 numquamne
982 569 1144 642 reponam?

151 725 354 792 Haenickeus
379 749 418 792 ex
441 727 480 792 iis
500 729 667 806 coniectat,
686 724 869 792 iuvenalem
884 729 954 792 istis
970 727 1211 810 recitationibus

147 852 269 915 totiens
306 856 456 915 vexatum
489 853 620 916 tandem
653 847 726 916 XII.
765 853 893 916 18-82
917 869 976 935 par
999 853 1069 936 pari
1092 853 1231 946 referre

148 979 247 1060 atque
283 977 325 1039 in
349 976 502 1040 harenam
526 977 629 1060 ipsum
654 978 854 1057 descendere,
879 981 914 1040 ut
937 999 1008 1041 cum
1031 978 1081 1041 his
1106 978 1211 1042 decla·
1270 1063 1272 1068 ,

151 1103 326 1166 matoribus
342 1123 495 1186 pugnam,
513 1103 552 1164 a'd
569 1124 677 1166 eorum
694 1124 795 1188 genus
810 1103 976 1188 pugnandi
992 1103 1070 1169 scite
1087 1125 1211 1168 accom·
1260 1117 1262 1120 ’

150 1227 321 1304 m'odatam,
338 1227 547 1310 ingrediatur.
577 1225 659 1289 Huic
676 1228 841 1290 sententiae
855 1227 1025 1312 suffragari
1038 1229 1210 1308 contendit,

147 1351 233 1433 qiiod
259 1348 418 1415 Iuvenalis
442 1352 510 1434 ipse
535 1351 612 1414 dicit
634 1373 685 1415 vv.
710 1353 858 1416 22-24:

750 1519 847 1576 omnia
870 1519 946 1576 fiunt

302 1625 384 1692 talia,
409 1627 471 1682 tam
493 1625 634 1702 graviter,
659 1625 825 1698 siquando
849 1626 964 1700 poetica
988 1627 1084 1702 surgit

303 1734 462 1806 tempestas

260 1891 444 1968 Iuvenalem
467 1895 567 1979 igitur
589 1895 622 1957 in
645 1895 694 1971 iis,
712 1858 782 1978 qirae
799 1899 982 1978 sequuntur,
998 1918 1084 1960 more
1100 1900 1211 1980 poeta·

148 2039 220 2081 rum
243 2021 467 2100 tempestatem
491 2020 669 2084 describere
686 2022 788 2102 putat,
805 2021 947 2083 ridiculis
966 2022 1069 2085 verbis
1086 2021 1209 2086 scilicet

148 2148 184 2206 et
206 2143 392 2227 hyperbolis
416 2145 640 2208 audacissimis
657 2148 808 2208 utentem.

257 2265 332 2330 Non
354 2289 446 2352 nego,
471 2269 564 2332 istam
589 2269 779 2333 sententiam
802 2271 904 2352 primo
929 2274 1059 2353 aspectu
1081 2270 1210 2352 habere,

148 2413 213 2474 quo
249 2393 497 2456 commendetur.
545 2393 578 2456 Si
615 2395 711 2456 verba
741 2396 773 2455 et
797 2394 961 2456 enuntiata
984 2398 1085 2476 poetae
1109 2396 1210 2478 respi-

148 2519 262 2596 cimus
298 2517 380 2580 nihil
413 2519 480 2580 fere
515 2517 658 2600 impedit,
695 2540 735 2580 ne
772 2517 955 2611 Haeniclreo
992 2520 1209 2583 assentiamur.

152 2639 330 2707 Obscurum
354 2645 386 2706 et
409 2642 535 2706 difficile
559 2642 638 2705 illud
661 2664 761 2726 genus
787 2642 921 2719 dicendi,
946 2643 1058 2706 crebra
1076 2642 1211 2725 impedi·

150 2771 270 2846 menta,
295 2789 364 2850 quae
389 2767 479 2831 uobis
496 2768 633 2844 obstant,
650 2767 716 2830 lata
733 2770 764 2830 et
780 2767 870 2851 quasi
888 2771 1083 2850 exaggerata
1100 2768 1209 2847 oratic,

58 2904 61 2914 '
149 2891 258 2956 omnia
293 2892 427 2975 denique
463 2893 679 2955 demonstrare
698 2875 871 2968 ridentur,
902 2913 966 2954 uon
989 2892 1056 2955 sine
1081 2893 1211 2956 consilio

149 3014 226 3080 ,haec
254 3017 360 3079 omnia
385 3017 462 3080 adeo
487 3017 617 3079 confusa
641 3020 673 3079 et
697 3020 839 3080 contorta
863 3038 940 3080 esse.
987 3017 1075 3080 Dicit
1098 3017 1211 3080 Fried-

148 3139 283 3204 laender
317 3141 455 3224 quidem,
478 3127 553 3205 ¹non
588 3141 647 3204 hoe
674 3141 742 3204 loco
765 3141 868 3224 magis
891 3163 986 3225 quam
1009 3142 1116 3205 multis
1141 3142 1210 3205 aliis

146 3266 329 3329 ¹orationem
353 3263 511 3330 luvenalis
527 3265 717 3328 lutulentam
733 3265 842 3343 fluere,
860 3268 955 3348 atque
972 3267 1097 3331 omnino
1112 3269 1211 3352 negat

150 3390 325 3474 contigisse
362 3390 554 3468 Haenicke0‚
590 3395 625 3453 ut
659 3391 749 3454 nobis
783 3392 990 3474 persuaderet
1008 3392 1041 3473 ¹),
1072 3393 1127 3455 sed
1150 3391 1211 3455 hoc

149 3512 238 3578 haud
261 3516 326 3578 scio
350 3537 390 3578 an
414 3516 563 3578 audacius
588 3515 707 3578 dictum
730 3515 781 3580 sit.

259 3638 380 3702 Tamen
418 3639 607 3702 sententiam
645 3638 833 3718 Haeuickei‚
868 3640 1011 3724 quamvis
1046 3640 1211 3724 ingeniosa

149 3764 205 3842 sit,
240 3766 390 3848 amplecti
420 3787 482 3828 non
505 3788 643 3848 possum,
669 3767 723 3828 sed
748 3765 843 3828 aliam
868 3769 963 3848 atque
986 3764 1212 3828 Friedlaender

263 3979 282 4046 ¹)
303 3979 504 4032 anonlsocn:
524 3978 730 4032 Jahresbericht
748 3979 816 4032 iiber
835 3978 879 4032 die
898 3985 966 4032 rom.
985 3978 1121 4032 Satiriker
1134 3979 1211 4044 (Bur-

151 4066 228 4121 sians
247 4068 372 4122 Jahresb.
392 4069 424 4120 V.
447 4069 512 4121 1877
531 4087 558 4136 p.
578 4067 650 4134 311).

1089 4175 1105 4228 6
