2828 4612
622 290 795 352 ..43-

175 492 260 533 esse:
297 491 367 551 quae
402 468 491 532 labra
517 503 554 512 -
581 489 643 551 quo
665 470 746 531 teste
770 468 932 549 probavit3
964 468 1044 531 bene
1069 424 1167 530 liabet
1193 502 1232 510 —-

175 595 270 657 turba
293 595 432 656 tremens
455 590 591 673 (Remi);
616 592 772 674 perituros
790 628 831 636 —
848 592 980 667 multos3
1004 590 1176 675 pallidulus
1194 627 1234 634 —-

178 718 338 781 domiuum
373 716 491 781 trahat.
537 717 702 800 Responsa
736 717 863 780 illorum
897 718 1067 780 verborum
1101 720 1236 798 apoeta

176 843 275 905 reddi.
322 841 429 925 Atque
464 842 496 904 in
524 842 593 924 ipsa
617 843 786 906 verborum
809 841 911 905 forma
934 841 1016 904 hanc
1041 840 1236 904 distributio-

177 989 248 1030 nem
283 967 397 1043 inesse,
432 966 570 1031 Kiaerius
606 966 786 1042 confirmat;
823 966 957 1029 alterum
993 965 1078 1028 enim
1107 965 1234 1047 ubique,

177 1091 313 1154 alterum
337 1112 492 1172 nusquam
515 1091 619 1173 prima
641 1091 731 1154 verbi
755 1091 968 1172 personanti.

282 1214 337 1293 Ut,
373 1216 449 1299 quid
483 1214 551 1297 ipsc
580 1237 735 1292 censeam,
761 1215 869 1298 paucis
898 1215 1074 1297 explanem,
1098 1215 1235 1297 primurn

175 1341 313 1403 omnium
337 1340 540 1403 manifestum
565 1343 613 1402 est
636 1363 686 1402 vv.
713 1340 840 1402 65-—67
867 1343 994 1422 apoeta
1011 1339 1083 1402 dici.
1123 1340 1234 1423 Agno-

174 1466 291 1528 scimus
325 1465 424 1529 verba
459 1464 524 1542 illa,
559 1464 715 1528 irrisionis
742 1464 847 1546 plena,
872 1486 942 1546 quae
967 1464 1030 1527 iam
1054 1463 1123 1558 aliis
1147 1464 1234 1541 lociS,

174 1595 210 1652 ut
244 1586 301 1653 Vl.
338 1591 391 1665 51,
428 1590 468 1652 78
505 1592 575 1667 cet,
612 1589 798 1651 audivimus.
845 1587 1052 1670 Reliquorum
1087 1609 1235 1651 versuum
1265 1646 1268 1651 .

174 1712 358 1776 distributio
381 1735 446 1776 non
468 1712 572 1776 facilis
597 1716 654 1793 est,
673 1693 811 1776 'fortasse
835 1734 875 1776 ne
899 1712 1077 1775 necessaria
1097 1712 1233 1795 quidem.

175 1835 259 1899 Satis
295 1841 343 1900 est
376 1837 468 1915 scire,
504 1859 664 1902 sermones
696 1859 804 1901 eorum
825 1835 953 1918 respici,
978 1836 1043 1918 qui,
1067 1839 1236 1919 postquam

173 1961 366 2044 supplicium
402 1963 440 2025 de
474 1959 586 2026 Seiano
610 1966 771 2044 sumptum
795 1964 852 2040 est,
877 1962 1004 2023 domum
1028 1961 1178 2036 redeunt;
1202 1961 1235 2022 id

172 2088 257 2168 quod
281 2087 337 2150 illa
360 2089 457 2150 verba
481 2085 544 2166 (vv.
569 2085 713 2166 88-89)
737 2085 922 2148 ostendunt:

820 2276 850 2334 hi
873 2295 1020 2334 sermones

327 2389 399 2441 tuno
423 2384 458 2440 de
482 2382 595 2452 Seiano,
620 2385 733 2440 secreta
756 2383 819 2439 haec
841 2401 996 2439 murmura
1020 2383 1103 2458 vulgi

281 2581 340 2646 Vv.
378 2583 507 2646 67-70
537 2581 592 2645 uni
615 2581 737 2644 homini
761 2581 859 2644 tribui
883 2583 1023 2663 possunt,
1048 2585 1179 2664 possunt
1203 2587 1235 2645 et

173 2708 304 2771 duobus
351 2704 423 2772 Nou
450 2707 560 2791 magnl
583 2707 735 2792 momenti
758 2709 815 2780 est,
840 2728 942 2788 neque
968 2709 1025 2784 est,
1050 2728 1105 2770 cur
1129 2707 1233 2770 conie-

176 2835 281 2895 cturas
306 2833 344 2895 de
369 2833 434 2895 eius
458 2832 544 2895 modi
567 2832 662 2895 rebus
678 2832 843 2894 faciamus.
879 2829 955 2906 Quae
972 2835 1163 2914 sequuntur:
1188 2833 1234 2895 nil

173 2955 285 3019 horum
319 2993 359 3001 —
396 2979 414 3019 a
446 2955 585 3038 Capreis,
609 2978 797 3038 responsum
821 2956 993 3022 continent.
1040 2956 1232 3020 Cuiusnam?

173 3080 317 3143 Alicuius
353 3081 390 3144 de
421 3081 515 3164 plebe
540 3081 607 3143 sine
632 3081 727 3144 dubio
752 3079 828 3156 (cfr.
853 3103 883 3144 v.
908 3081 972 3160 88).
1021 3080 1109 3144 Beue
1134 3079 1232 3146 habet
1299 3100 1300 3104 ’

178 3240 217 3251 —
253 3206 424 3289 interrogo,
460 3206 558 3268 verba
592 3209 665 3303 sunt
700 3205 777 3282 eius,
808 3205 863 3286 qui
886 3226 982 3287 supra
1005 3205 1231 3290 interrogavit:

173 3352 244 3413 quae
279 3326 369 3394 labra
400 3333 459 3393 cet.
506 3327 583 3404 Quae
608 3329 721 3393 deinde
745 3333 936 3412 sequuntur:
961 3330 1016 3393 sed
1040 3331 1115 3413 quid
1139 3332 1233 3394 turba

175 3491 216 3499 -
251 3476 367 3537 panem
403 3459 435 3517 et
459 3455 625 3533 circenses,
650 3477 720 3518 mea
743 3455 872 3537 quidem
895 3455 1053 3518 sententia
1076 3476 1137 3517 non
1160 3476 1232 3537 spe·

174 3580 349 3643 ctatoribus
372 3579 427 3642 sed
451 3577 594 3642 iuvenali
616 3579 678 3661 ipsi
696 3579 800 3642 danda
816 3582 899 3644 sunt.
934 3578 1044 3643 Utitur
1067 3578 1127 3642 hac
1143 3600 1232 3643 occa-

173 3705 260 3766 sione
283 3704 318 3766 in
341 3704 458 3767 medios
482 3713 642 3766 sermones
667 3726 705 3766 ea
728 3703 897 3782 inserendi,
921 3725 992 3786 quae
1010 3704 1047 3767 de
1064 3703 1232 3768 mobilibus

174 3830 287 3892 animis
311 3830 400 3913 vulgi
423 3829 534 3906 sentit,
569 3828 689 3891 occasio
713 3832 861 3911 exoptata
885 3828 1026 3912 profecto
1050 3851 1082 3892 se
1106 3829 1231 3892 obtulit.

174 3952 262 4017 lnter
285 3955 396 4017 breves
420 3958 452 4017 et
475 3953 614 4026 curiosas
634 3956 847 4037 spectatorum
864 3953 1129 4036 interrogationes
1146 3953 1232 4016 locus
