2828 4612
621 291 795 354 „82-

177 468 261 531 viam
295 468 468 550 ingredior.
513 466 587 532 Non
620 468 757 532 defendo
779 469 1005 532 obscuritatem
1027 465 1144 530 borum
1165 483 1239 527 ver·

176 613 278 669 suum,
313 614 409 675 quam
443 598 552 656 contra
587 593 721 657 obeam
745 593 842 656 solam
867 615 993 663 causam
1016 590 1129 667 tolero,
1153 587 1237 671 quod

176 716 341 780 toleranda
363 718 455 785 nobis
479 722 537 781 est.
572 715 635 781 Sed
658 718 692 780 in
714 717 773 780 hoc
791 710 1010 795 Haenickeum
1026 713 1238 798 reprehendo,

176 841 261 924 quod
295 842 382 905 nullo
415 843 507 905 modo
543 865 561 904 a
595 864 645 904 me
681 842 853 924 impetrare
887 863 1025 924 possum,
1049 845 1086 903 ut
1108 838 1236 902 credam

177 963 370 1037 Iuvenalem,
406 988 477 1029 cum
512 967 664 1050 gaudium
698 968 857 1030 sincerum
892 967 933 1029 ob
967 964 1105 1027 salutem
1141 961 1236 1026 amici

177 1090 342 1153 testificari
375 1091 482 1169 vellet,
514 1095 580 1154 tam
604 1092 711 1174 inepte
735 1092 860 1167 fecisse,
885 1095 919 1153 ut
942 1091 981 1153 de
1004 1109 1129 1152 summo
1151 1087 1238 1170 peri·

177 1214 248 1279 culo
279 1214 373 1277 amici
397 1216 562 1291 carissimi,
587 1216 675 1278 cuius
699 1216 737 1278 de
761 1215 881 1279 vitain
906 1212 970 1287 hoo,
988 1213 1101 1276 ultimo
1124 1211 1238 1275 discri-

176 1341 261 1403 mine
285 1344 444 1425 ageretur,
469 1341 575 1404 dedita
596 1362 693 1422 opera
709 1341 876 1403 locaretur.
913 1339 1001 1403 Dicit
1016 1339 1114 1421 poeta
1127 1359 1158 1401 v.
1176 1337 1237 1400 93:

389 1552 441 1591 nec
465 1536 603 1608 suspecta
627 1533 681 1590 tibi
705 1534 764 1589 sint
787 1534 859 1601 haec,
885 1531 1010 1591 Corsiae

282 1714 327 1775 At
350 1713 492 1795 profecto
515 1714 541 1775 si
566 1712 725 1785 luvenalis
745 1713 883 1776 eiusdem
901 1711 1017 1789 satirae,
1034 1711 1067 1773 in
1084 1732 1149 1793 qua
1165 1730 1236 1772 eum

175 1841 242 1900 tarn
267 1838 428 1919 praeclaris
452 1838 557 1902 verbis
582 1838 620 1900 ad
644 1860 751 1900 veram
769 1837 941 1900 amicitiam
957 1856 1132 1918 verumque
1149 1855 1237 1896 amo·

176 1983 243 2023 rem
282 1962 548 2043 comprobandum
583 1962 630 2024 uti
664 1963 817 2040 videmus,
856 1962 1008 2025 maiorem
1043 1963 1170 2042 partem
1203 1957 1237 2019 iu

176 2085 316 2167 periculo
352 2084 469 2148 Catulli
496 2085 657 2148 irridendo
682 2086 936 2168 consumpsisset,
961 2107 1020 2149 non
1044 2084 1149 2161 videa,
1173 2103 1237 2165 quo

176 2210 268 2273 modo
293 2212 440 2292 suspecta
462 2209 531 2273 haec
556 2209 692 2273 Corvino
716 2233 778 2272 non
803 2213 917 2273 essent.
956 2208 1074 2272 Mirum
1099 2210 1194 2284 esset,
1210 2205 1236 2268 si

176 2332 357 2398 Iuvenalem
383 2333 580 2397 humanitate
603 2339 669 2397 tam
695 2335 880 2396 destitutum
903 2335 1103 2416 putaremus;
1136 2352 1241 2394 venu-

176 2462 290 2522 statem
314 2462 346 2521 ct
369 2459 516 2542 gratiam,
541 2481 636 2540 quam
659 2479 888 2540 permagnam
912 2456 1005 2519 huius
1029 2456 1136 2519 satirae
1161 2454 1236 2537 'par-
1267 2538 1273 2543 ⁸

175 2586 240 2645 tem
274 2605 403 2645 manare
438 2582 591 2659 videmus
627 2580 764 2644 admissa
795 2581 853 2643 tali
877 2581 1066 2662 suspicione,
1089 2579 1238 2642 funditus

174 2707 368 2770 tolleremus.

280 2828 353 2893 Non
376 2829 476 2911 igitur
499 2829 587 2892 illam
611 2829 856 2911 descriptionem
879 2829 1093 2912 periculorum
1118 2828 1240 2892 Catulli

175 2979 193 3017 a
226 2952 375 3016 Iuvenale
401 2953 626 3033 abiudioamuS,
651 2954 706 3016 sed
730 2954 759 3015 ei
782 2975 845 3015 non
869 2953 1040 3036 contigisse
1065 2946 1242 3030 credimus

174 3083 209 3140 ut
233 3100 304 3140 cram
327 3077 403 3139 satis
428 3077 601 3158 perfectam
626 3080 680 3140 aut
704 3077 898 3140 elaboratam
919 3077 1009 3141 nobis
1033 3081 1108 3140 ante
1130 3079 1242 3142 oculos

174 3204 317 3284 poneret,
354 3201 385 3263 id
420 3201 503 3283 quod
537 3201 649 3263 melius
684 3201 861 3282 apparebit,
898 3224 979 3280 cum,
1003 3201 1108 3284 qualis
1133 3203 1178 3264 sit
1204 3225 1244 3266 ea

175 3325 356 3407 descriptio,
381 3325 532 3387 attentius
557 3325 826 3406 exquisiverimus.

281 3447 317 3511 Iu
353 3449 480 3511 exordio
515 3450 621 3511 satirae
646 3452 739 3530 poeta
762 3448 921 3530 promittit
944 3471 977 3510 se
1002 3449 1062 3511 diis
1086 3449 1249 3515 immola·

173 3577 279 3636 turum
315 3574 354 3635 ob
389 3572 515 3635 felicem
550 3572 686 3634 reditum
722 3570 838 3634 Catulli
873 3571 966 3634 amici
1002 3572 1065 3651 (vv.
1101 3556 1249 3650 1416).

173 3696 301 3760 Transit
334 3696 446 3759 deinde
472 3697 510 3758 ad
534 3696 622 3759 varia
646 3695 759 3777 eapitis
783 3695 924 3776 pericula
948 3700 1252 3780 commemoranda,

175 3844 246 3904 quar
271 3821 303 3883 iu
320 3820 433 3883 itinere
451 3820 570 3882 amicus
587 3820 718 3882 adierat.
755 3818 896 3882 Primum
914 3821 997 3881 enim
1013 3820 1105 3883 navis
1123 3843 1141 3882 e
1161 3824 1250 3887 caelo

173 3945 237 4008 icta
273 3948 330 4022 est,
366 3947 402 4006 ut
426 3946 570 4006 antennae
597 3947 628 4006 et
651 3942 722 4005 vela
745 3943 853 4026 ignem
877 3943 1080 4024 conciperent
1103 3943 1172 4025 (vv.
1203 3949 1249 4011 17
