2828 4612
621 309 792 371 -69-

175 510 262 571 saepe
298 490 449 564 recurrat,
481 490 516 550 ut
539 509 587 550 11.
614 489 753 566 30-31,
777 509 850 549 nam
874 487 906 550 id
929 508 991 550 non
1013 485 1104 548 modo
1128 485 1234 548 decia-

176 613 295 676 matori
318 613 373 674 sed
398 612 495 675 etiam
517 609 661 675 quenali
683 633 742 674 usu
764 611 852 675 venit
881 615 902 686 1.

284 735 470 800 Retiuemus
505 736 605 820 igitur
639 759 689 800 11.
730 714 843 799 1-55,
890 735 933 799 Et
967 736 1050 817 quod
1075 735 1114 798 ad
1138 756 1234 818 argu-

174 865 320 925 mentum
349 861 489 944 pertinet
514 865 545 924 et
569 861 608 923 ad
632 860 813 944 argumenti
837 860 1082 942 dispositionem,
1108 860 1234 923 defendi

175 989 319 1070 possunt,
343 987 369 1049 si
393 985 520 1068 quidem
544 985 760 1048 defensionem
783 985 908 1049 omnino
933 985 1124 1062 desiderant.

286 1108 347 1173 Sed
370 1110 407 1188 si,
431 1113 539 1173 nostra
563 1110 690 1194 quidem
714 1109 880 1185 sententia,
905 1111 937 1172 et
953 1131 1011 1192 per
1026 1131 1059 1172 se
1076 1109 1108 1172 hi
1126 1132 1235 1172 versus

176 1235 246 1319 apti
269 1238 343 1303 sunt
366 1238 397 1297 et
421 1256 492 1297 cum
515 1234 615 1297 altera
638 1237 728 1317 parte
753 1234 857 1297 satirae
882 1256 945 1296 non
961 1234 1043 1296 maie
1061 1233 1233 1313 cohaerent,

176 1364 288 1423 tamen
310 1382 373 1423 non
397 1359 574 1435 defuerunt,
592 1359 646 1441 qui
662 1381 724 1421 uno
741 1359 879 1422 alterove
895 1359 965 1421 loeo
981 1358 1078 1421 alium
1095 1359 1237 1421 ordinem
1332 1400 1335 1407 -

177 1485 347 1548 instituere
371 1483 500 1561 vellent,
525 1505 656 1565 quorum
680 1483 713 1545 in
736 1505 866 1546 numero
891 1482 1028 1545 Kiaerius
1053 1485 1109 1557 est,
1126 1483 1180 1564 qui
1198 1483 1236 1546 de

177 1631 229 1674 11.
256 1609 386 1673 38-45
414 1609 447 1670 in
470 1608 552 1671 libro
576 1629 631 1670 suo
656 1608 796 1690 disputat
808 1607 844 1683 ²).
879 1606 967 1670 Dicit
989 1606 1052 1684 ille,
1077 1607 1110 1669 in
1126 1630 1175 1670 11.
1194 1610 1234 1671 38

181 1734 264 1795 -41
291 1733 570 1816 interrogationem
594 1733 711 1795 inesse:
747 1731 820 1794 huic
843 1731 1087 1815 interrogationi
1110 1737 1236 1815 poetam

182 1858 371 1940 respondere
406 1879 454 1919 vv.
491 1857 631 1920 itt-45.
677 1855 797 1919 Versus
833 1857 903 1935 duo,
938 1856 1051 1938 inquit,
1076 1857 1130 1939 qui
1154 1857 1238 1920 iuter

181 1974 464 2066 interrogationem
481 1984 513 2043 et
528 1981 905 2073 responsuminterpositi
917 1984 999 2057 suut,
1013 1981 1237 2045 cohaerent-iam

178 2106 333 2170 sermonis
367 2106 624 2169 obscuraverunt.
670 2104 819 2188 Disponit
847 2106 946 2189 igitur
969 2107 1014 2167 ita
1038 2106 1093 2168 hos
1117 2129 1236 2185 versuS,

177 2235 216 2295 ut
249 2253 300 2294 11.
336 2231 466 2294 42-43
499 2234 570 2312 post
593 2252 642 2293 vv.
666 2231 796 2293 44-215
821 2230 961 2292 collocet.
1010 2229 1143 2292 Causam
1169 2252 1236 2292 esse

178 2355 259 2433 vult,
295 2356 377 2437 quod
412 2376 565 2436 nusquam
602 2354 684 2435 apud
719 2351 900 2416 Iuvenalem
935 2353 1008 2415 talis
1038 2353 1238 2435 parenthesis

179 2479 299 2562 (qualis
328 2484 375 2542 est
397 2502 446 2542 11.
472 2477 615 2557 42-43)
639 2478 723 2539 inter
745 2478 1028 2561 interrogationem
1052 2481 1083 2540 et
1107 2500 1238 2560 respon-

179 2626 252 2668 sum
288 2604 504 2681 interseratur,
540 2625 641 2685 neque
677 2624 819 2685 usquam,
854 2603 909 2666 ubi
932 2603 1005 2665 talis
1029 2602 1238 2685 interrogatio

179 2730 353 2812 praeoedat,
388 2751 572 2810 responsum
601 2719 805 2791 desideretur.
854 2727 930 2791 Haeo
954 2728 1035 2790 mira
1058 2731 1140 2805 sunt,
1164 2749 1238 2790 nam

181 2853 251 2919 eius
274 2853 359 2917 modi
383 2853 661 2937 interrogationes
686 2876 704 2914 a
727 2852 832 2915 verbis
855 2853 925 2934 quis
950 2853 1044 2931 enim,
1061 2852 1135 2934 quid
1153 2852 1238 2914 enim

180 2967 380 3060 incipientes
405 2999 529 3059 semper
552 2980 618 3039 t'ere
643 2976 726 3058 apud
751 2972 933 3038 iuvenalem
957 2977 1046 3059 quasi
1071 2977 1103 3039 in
1122 2998 1238 3058 paren-

180 3101 266 3166 thesi
300 3104 503 3184 usurpantur,
538 3122 639 3183 neque
664 3100 703 3162 iis
728 3100 943 3182 respondetur,
969 3101 1043 3183 quia
1066 3101 1238 3184 responsio

181 3227 303 3310 opinor,
338 3225 432 3307 plane
468 3246 701 3307 supervacanea
725 3229 782 3288 est.
828 3226 876 3288 Ac
900 3225 926 3287 si
951 3246 1021 3287 1111
1045 3223 1164 3288 Kiaerio
1188 3247 1237 3287 11.

183 3351 315 3415 44-45
339 3334 412 3433 post
435 3373 485 3414 11.
509 3350 636 3413 38-41
663 3350 819 3432 ponimus
845 3353 879 3412 ut
902 3371 1086 3432 responsum
1110 3349 1148 3411 iis
1165 3351 1238 3412 red-

183 3475 271 3554 dant,
305 3474 450 3556 ineptum
484 3496 667 3556 responsum
695 3475 839 3536 reddunt.
885 3473 983 3537 Poeta
1007 3474 1091 3536 enim
1114 3475 1239 3557 quaerit,

147 3584 155 3593 ⁵
183 3598 240 3682 qui
276 3599 378 3662 exitus
411 3598 573 3662 helluones
608 3602 744 3661 maneat.
791 3598 974 3682 Respondet
997 3597 1058 3679 (vv.
1084 3599 1238 3680 44-45),

182 3745 246 3788 nou
273 3725 408 3787 mortem
431 3723 469 3785 iis
492 3723 694 3786 metuendam
718 3744 795 3800 esse,
820 3724 874 3786 sed
898 3726 999 3787 morte
1023 3723 1125 3807 magis
1149 3746 1239 3787 sene-

224 3924 228 3931 ’
296 3899 316 3967 ¹)
336 3900 456 3954 Granum
476 3898 494 3950 1.
514 3898 532 3950 1.
552 3917 578 3967 p.
600 3899 640 3952 19,
659 3902 717 3952 not,

293 3985 314 4058 ¹)
334 3989 411 4042 111111
429 3988 448 4042 1.
468 3988 486 4040 1.
505 4005 551 4056 pp.
572 3989 719 4042 162--164,
