2828 4612
554 1108 706 1221 Satira
743 1110 852 1222 XVI.

283 1343 382 1419 Quem
419 1345 458 1407 ad
486 1344 613 1407 modum
636 1366 697 1409 non
721 1344 899 1423 defuerunt,
924 1345 978 1427 qui
1001 1344 1099 1408 satira
1122 1345 1233 1428 quinta

174 1469 299 1532 decima
334 1471 374 1532 ad
405 1466 587 1532 Iuvenalem
611 1470 778 1532 referenda
802 1473 884 1532 esset
906 1490 1015 1548 necne,
1041 1469 1232 1549 dubitarent,

174 1595 220 1657 sic
244 1616 312 1658 esse
335 1594 488 1673 videmus
513 1594 568 1677 qui
591 1594 722 1657 satiram
746 1598 867 1656 sextam
890 1593 1043 1657 decimam
1061 1616 1124 1658 non
1139 1597 1248 1658 modo¹

174 1721 306 1802 propter
341 1719 521 1802 argumenti
557 1718 806 1801 dispositionem,
842 1740 952 1782 verum
983 1718 1079 1781 etiam
1102 1723 1233 1802 propter

174 1843 326 1908 orationis
351 1844 549 1907 ieiunitatem
573 1847 767 1942 ceterasque,
791 1844 905 1927 quibus
928 1844 1073 1908 laborare
1097 1844 1232 1922 videtur,

175 1969 386 2048 difficultates
411 1991 529 2053 magna
553 1970 593 2033 ab
617 1991 654 2032 eo
678 1969 808 2032 fidentia
832 1969 1023 2048 abiudieent,
1048 1991 1178 2052 quorum
1200 1971 1233 2032 in

174 2115 306 2157 numero
341 2093 545 2158 Heinrichius
580 2097 638 2172 est,
664 2094 752 2156 cuius
775 2095 808 2156 in
831 2094 920 2157 brevi
944 2095 1124 2173 summario,
1149 2095 1233 2177 quod

175 2223 247 2282 ante
283 2219 415 2282 satiram
438 2218 554 2301 posuit,
579 2218 676 2281 verba
699 2217 768 2280 haec
792 2221 880 2281 sunt:
905 2217 1018 2280 ultima
1041 2218 1110 2282 haec
1134 2220 1232 2283 satira

174 2344 308 2427 praemia
336 2347 368 2407 et
391 2343 557 2407 commoda
579 2342 702 2406 militiae
728 2347 892 2406 enumerat
915 2346 956 2421 et,
980 2347 1134 2425 quantum
1157 2348 1232 2407 tunc

173 2469 327 2552 temporis
351 2472 462 2552 togato
480 2472 690 2551 anteponatur
706 2468 807 2544 miles,
825 2467 1035 2544 demonstrat;
1060 2468 1115 2532 sed
1131 2471 1234 2532 totum

175 2616 302 2657 carmen
339 2591 489 2657 Iuvenale
525 2594 691 2677 indignum
722 2597 818 2676 atque
842 2593 984 2676 spurium
1008 2597 1056 2656 est
1073 2593 1107 2675 ¹).
1153 2593 1233 2658 Rib-

177 2720 308 2783 beckius
336 2719 417 2782 hano
441 2720 570 2782 satiram
594 2719 716 2802 respuit
739 2719 877 2802 quidem,
902 2719 957 2782 scd
980 2719 1034 2798 ita,
1060 2718 1094 2783 ut
1116 2719 1233 2783 invitus

175 2845 207 2907 id
231 2845 336 2908 facere
353 2844 498 2907 videatur
511 2843 547 2926 ⁹).
588 2843 804 2909 Hennannus:
829 2844 988 2922 incertior,
1005 2844 1118 2927 inquit,
1134 2848 1232 2908 sextae

176 2970 307 3033 (decimae
332 2969 421 3053 origo
445 2970 502 3047 est,
519 2991 613 3051 quam
630 2970 684 3052 qui
701 2969 907 3052 exploderent
927 2966 1148 3053 Iuvenalisque
1165 2991 1233 3032 esso

175 3093 306 3171 nollent,
331 3095 395 3156 iam
417 3093 587 3157 scholiasta
605 3095 707 3171 novit3
732 3095 865 3158 eandem
888 3096 994 3158 tamen
1011 3094 1038 3157 si
1053 3094 1233 3159 incohatam

176 3241 238 3282 non
263 3219 439 3283 absolutam
463 3241 481 3281 a
501 3222 594 3301 poeta
611 3222 796 3298 statuamus
813 3241 853 3282 ne
868 3219 953 3282 illius
969 3218 1097 3302 quidem
1112 3220 1234 3303 ingenii

175 3344 322 3428 vestigiis
347 3365 454 3407 carere
479 3343 557 3406 scite
580 3342 701 3407 Weber
724 3343 947 3407 animadvertit
962 3343 998 3425 ³).

282 3467 409 3551 Scripta
432 3471 481 3531 est
503 3468 572 3532 hacc
595 3469 700 3532 satira
714 3491 733 3531 a
749 3472 842 3552 poeta
858 3471 968 3532 contra
984 3469 1116 3551 praemia
1132 3469 1233 3532 felicis

175 3593 310 3669 militiae,
335 3596 371 3657 ut
393 3594 461 3676 ipse
485 3593 547 3657 iam
571 3593 605 3657 in
629 3594 731 3677 primo
754 3616 848 3658 versu
871 3594 1047 3672 confitetur,
1065 3594 1233 3677 dequibus

175 3737 387 3744 ---.-.---

285 3805 565 3874 ¹)Hn1uaronl.Il.I
567 3825 619 3876 ..p
640 3808 698 3861 149.

285 3894 456 3961 ⁹)R1anncn:
485 3896 540 3950 Der
559 3897 637 3950 echte
610 3899 682 3950 tu
702 3896 728 3948 d.
747 3897 865 3951 unechte
884 3897 946 3950 Juv
965 3914 1010 3965 pp
1031 3896 1099 3949 71-
1103 3896 1144 3948 72

285 3981 481 4051 ³)Hnuuaus
473 4004 503 4039 1n
521 3986 599 4056 praet.
619 3983 685 4042 edit
705 4003 732 4056 p
751 3984 850 4039 XVIII.
1210 3993 1213 3998 '

1096 4092 1127 4146 10
