2828 4612
625 308 842 370 —59-.

174 487 250 547 est?
286 481 320 547 Si
344 482 468 547 Catulla
492 485 628 548 deterior
652 488 699 547 est
722 506 816 566 qnam
832 483 947 568 Oppia,
968 506 1037 547 eam
1054 484 1239 549 libidinibus

174 609 357 693 indulgere,
392 631 454 673 non
489 610 666 672 mira-ndum
692 614 748 673 est.
795 608 868 674 Non
891 610 962 687 hoo,
987 610 1109 692 opinor,
1135 610 1239 672 dicere

176 734 280 799 voluit
315 731 489 808 Iuvenalis3
524 735 557 797 id
591 737 714 798 tantun]
739 735 909 818 significat,
934 735 1054 798 nullam
1078 735 1238 811 feminam,

173 860 204 922 si
240 859 283 922 sit
318 859 496 938 libidinosa,
532 857 699 942 cupiditati
734 860 881 923 resistere
916 882 1017 942 posse.
1076 858 1239 923 Sententia

174 986 363 1048 verborum:
388 987 470 1047 totos
493 985 590 1047 habet
614 984 679 1047 illio
702 985 822 1047 tenrina
845 1007 958 1062 morse,
983 985 1050 1047 sine
1075 984 1141 1047 ulla
1157 985 1239 1047 diffi-

175 1109 297 1172 cultate
325 1108 470 1192 intellegi
494 1113 608 1192 potest,
632 1110 735 1191 potuit
758 1112 866 1173 tamen
890 1109 1068 1193 elegantius
1093 1109 1237 1192 exprimi.
1335 1176 1337 1181 ,

173 1232 318 1297 Versum
352 1233 495 1316 spurium
525 1236 614 1316 puto.
661 1233 712 1296 Ad
737 1256 785 1297 vv.
811 1235 984 1297 328--329
1010 1234 1066 1296 ol'r.
1092 1230 1149 1296 Vl.
1175 1234 1239 1295 284

178 1344 301 1423 -2852

285 1482 326 1545 V.
352 1484 415 1547 335
440 1505 479 1545 ex
502 1483 565 1545 ritu
589 1504 646 1565 pro
671 1486 702 1545 et
727 1483 790 1545 ritu
813 1483 984 1566 legendum
1005 1504 1082 1561 esse,
1100 1482 1239 1545 Kiaerins

175 1611 287 1673 monet
305 1607 338 1684 ¹).
374 1630 413 1670 ne
449 1607 561 1670 ultima
595 1608 767 1671 sententia:
801 1607 907 1670 veniet
931 1629 1001 1669 enm
1026 1607 1239 1692 signatoribus

175 1754 310 1815 auspex,
346 1754 404 1815 per
439 1732 612 1815 asyndeton
646 1736 717 1815 post
752 1734 829 1795 duas
864 1733 1037 1794 sententias
1061 1732 1238 1814 copulative
1355 1786 1359 1792 .

179 1858 303 1921 iunctas
325 1857 432 1940 posita
456 1879 523 1919 esse
547 1856 702 1921 videatur.
740 1854 825 1919 Nam
848 1858 883 1920 in
906 1861 1056 1939 quattuor
1079 1858 1238 1920 rnernbro-

178 2004 252 2046 rum
273 1982 421 2045 iunctura
445 1982 618 2064 asyndeton
643 1982 727 2064 apud
751 1979 933 2045 Iuvenalem
957 2004 1020 2045 non
1037 2004 1141 2044 rarunr
1160 2003 1237 2059 esse,

175 2108 283 2184 dooet3
309 2107 432 2170 aceedit
454 2108 549 2188 quod,
573 2107 749 2169 mutatione
773 2106 829 2169 illa
852 2107 947 2184 facta,
971 2108 1141 2170 verborum
1157 2109 1238 2168 tenr-

173 2254 255 2317 pora
290 2232 336 2296 ita
371 2232 589 2314 disponuntur,
624 2236 660 2294 ut
686 2231 719 2293 in
742 2232 900 2313 prioribus
923 2231 1073 2294 nrenrbris
1097 2252 1238 2313 praesens

174 2358 292 2436 (sedet,
328 2357 504 2436 sternitur),
540 2357 573 2418 in
607 2357 844 2438 posterioribus,
880 2376 950 2437 quae
984 2377 1041 2437 per
1065 2355 1239 2437 asyndeton
1339 2416 1342 2421 .

177 2460 348 2559 adduntur,
373 2482 514 2544 futurum
540 2480 722 2562 (dabuntur,
747 2480 865 2554 veniet)
890 2478 1089 2542 adhibeatur.

285 2604 343 2669 Ille
367 2606 455 2670 loeus
480 2628 528 2669 vr.
554 2605 747 2669 337—338:

310 2774 373 2831 haeo
397 2777 431 2830 tu
455 2776 567 2830 secreta
591 2777 621 2829 et
644 2772 744 2846 paucis
769 2770 922 2828 commissa
945 2771 1086 2845 putabas:

308 2899 366 2938 non
391 2879 445 2937 nisi
469 2879 599 2952 legitime
623 2879 690 2936 vult
712 2879 823 2935 nubere

176 3028 292 3107 siniilis
316 3047 364 3105 est
387 3041 488 3119 alteri,
514 3041 568 3124 qui
591 3040 631 3104 V.
658 3041 829 3103 rte—157
856 3042 919 3102 est:

308 3208 434 3267 forsitan
456 3208 584 3283 inpensae
608 3207 765 3264 Virronem
789 3225 909 3281 parcere
934 3205 1052 3263 eredas:

233 3320 236 3328 '
308 3316 363 3373 hoe
387 3315 459 3390 agit,
484 3318 519 3371 ut
543 3314 650 3371 doleas.

287 3478 417 3562 Epilogi
451 3477 521 3540 loeo
555 3500 605 3541 vv.
643 3476 816 3541 346-366
853 3476 1020 3538 adduntur.
1067 3471 1240 3555 Splendida

176 3624 259 3667 sane
299 3602 442 3666 oratione
477 3606 581 3684 poeta,
620 3601 696 3683 qnid
731 3601 798 3683 ipse
835 3600 872 3662 de
906 3600 989 3663 rotis
1024 3619 1060 3661 ao
1092 3597 1239 3681 precibus

173 3726 344 3792 hominum
378 3727 505 3804 sentiat,
546 3725 634 3789 bobis
669 3725 832 3808 patefacit.
893 3723 969 3787 Haec
1004 3727 1069 3786 tam
1105 3722 1239 3801 excelsa,

290 3973 310 4042 ¹)
329 3974 408 4028 Krane
425 3974 444 4027 l.
463 3974 482 4027 l.
502 3992 528 4042 p.
549 3974 590 4026 74.
