2828 4612
624 310 797 373 ..73-

176 472 396 570 superioribus
431 487 646 571 adiungendos
671 510 748 563 esse,
773 511 844 551 cum
867 494 1001 570 tempus,
1026 510 1087 570 quo
1111 488 1237 572 cognati

176 610 225 674 illi
264 610 307 693 (v.
344 611 399 693 86)
438 613 477 674 ad
515 611 573 675 has
613 613 721 695 epulas
760 613 885 689 iverint,
926 613 1041 675 certius
1074 612 1236 674 deliniant.

177 734 268 810 Quod
303 736 332 799 ci
363 737 510 799 assentiri
532 737 620 800 nullo
642 738 734 800 modo
754 758 890 819 possum,
907 758 981 800 nam
997 758 1059 799 non
1075 736 1236 820 intellego,

177 882 241 943 quo
267 862 361 924 modo
384 861 463 924 illud
488 864 593 924 autem
617 860 659 941 (v.
685 861 740 943 90)
765 862 924 943 explicare
948 862 1035 938 velit,
1059 862 1237 944 praesertim

176 1007 250 1049 cum
285 985 353 1069 ipsc
389 987 548 1063 concedat,
581 986 664 1049 hanc
687 987 876 1069 particulam
900 986 1002 1048 minus
1027 990 1134 1068 aptam
1158 1007 1236 1063 esse,

176 1116 210 1173 et
234 1111 341 1187 addat,
377 1111 532 1193 pluralem
561 1111 661 1188 verbi,
685 1112 768 1193 quod
793 1114 842 1173 est
864 1115 1047 1188 tremerent,
1071 1132 1237 1173 numerum

175 1257 270 1299 voces
304 1257 498 1319 praegressas
533 1235 661 1318 (aliquis
691 1236 772 1315 ibat)
807 1235 901 1317 paulo
936 1235 1043 1297 durius
1079 1236 1236 1317 excipere.

175 1359 260 1423 Mihi
294 1359 421 1442 quidem
451 1383 500 1423 vv.
527 1360 567 1422 90
592 1382 660 1442 sqq.
685 1382 812 1422 causam
836 1359 975 1422 iudicare
1000 1359 1157 1436 videntur,
1181 1381 1237 1421 cur

175 1505 271 1546 nemo
305 1483 389 1546 inter
423 1506 513 1546 curas
548 1484 729 1547 habendum
764 1484 899 1559 duxerit,
932 1483 1034 1566 qualis
1065 1484 1098 1545 in
1121 1505 1237 1546 occano

175 1608 305 1672 testudo
338 1611 465 1671 nataret
499 1607 541 1688 (v.
567 1609 632 1689 93).
678 1607 777 1671 Nulla
801 1612 848 1671 est
872 1607 1065 1672 cohaerentia
1089 1629 1235 1670 versuum

177 1734 220 1796 90
256 1755 325 1815 sqq.
362 1754 433 1795 cum
469 1733 517 1797 iis.
553 1734 608 1815 qui
643 1733 850 1807 antecedunt;
886 1755 988 1815 neque
1024 1733 1106 1795 euim
1132 1732 1236 1794 (licere

177 1878 353 1940 possumne,
389 1861 540 1940 cognatos
568 1857 639 1921 illos
663 1857 816 1920 maturius
840 1858 878 1919 ad
904 1856 1012 1939 epulas
1036 1857 1140 1927 ivisse,
1165 1877 1236 1918 cum

178 1983 354 2045 tremerent
387 1981 504 2044 Fabios
539 1987 571 2044 et
606 1982 756 2045 Catonem
793 1984 824 2044 et
858 1982 980 2063 collega
1007 1982 1075 2063 ipse
1099 1980 1236 2042 censoris

177 2126 306 2169 severos
329 2126 432 2168 mores
455 2107 596 2183 tirueret3
621 2110 656 2168 ut
679 2106 760 2168 nihil
784 2107 897 2169 addam
922 2107 959 2167 de
981 2105 1113 2167 molesto
1130 2105 1236 2181 verbo,

175 2230 261 2313 quod
286 2235 334 2294 est
357 2234 472 2293 autem.
513 2229 684 2293 lucidimus
708 2230 808 2313 igitur
825 2231 943 2292 maiore
960 2229 1052 2309 signo
1069 2234 1139 2310 post
1155 2228 1236 2312 ligo-

174 2378 251 2419 ncm
286 2356 328 2436 (v.
365 2354 430 2437 89),
466 2356 585 2418 minore
623 2357 695 2437 post
728 2355 856 2417 timeret
891 2354 932 2434 (v.
962 2354 1028 2434 92).
1075 2352 1236 2416 Praeterea

152 2478 371 2557 'Fabricium
407 2502 469 2543 non
494 2479 667 2553 Fabricios
693 2500 760 2541 esse
784 2479 964 2561 legendum,
989 2481 1024 2539 ut
1047 2475 1179 2539 Scauros
1204 2480 1236 2539 et

174 2602 360 2667 Fabricium
394 2605 495 2688 magis
519 2604 671 2666 concinne
695 2603 906 2685 respondeant
929 2602 1044 2679 verbis,
1069 2623 1138 2684 quae
1163 2606 1236 2663 sunt

174 2726 293 2792 Fabios
328 2734 360 2791 et
395 2727 546 2791 Catonem
582 2728 615 2790 in
649 2727 752 2810 priore
787 2749 890 2803 versu,
927 2748 1095 2809 veramque
1120 2726 1235 2789 codicis

174 2851 214 2915 P.
237 2851 407 2915 lectionem
429 2851 512 2914 hanc
536 2875 615 2930 esse,
640 2851 770 2915 Beerius
794 2873 895 2933 nuper
918 2852 1085 2914 confirmat
1104 2852 1136 2928 ¹).
1175 2926 1179 2933 .

284 2974 317 3039 Si
351 2976 570 3061 integritatem
604 2998 752 3040 versuum
786 2976 982 3058 respicimus
1010 2975 1177 3037 nonnullos
1202 2975 1234 3036 in

139 3114 142 3119 '
175 3099 309 3165 dubium
331 3101 472 3163 revocari
496 3100 648 3164 videmus.
694 3099 734 3163 V.
761 3101 818 3163 99:

336 3275 409 3332 tales
434 3294 504 3351 ergo
528 3274 586 3332 cibi
608 3275 704 3349 qualis
728 3276 831 3345 domus
855 3277 945 3348 atque
968 3274 1098 3348 supellex

173 3460 195 3501 a
230 3437 338 3500 multis
374 3439 550 3501 damnatur.
599 3437 797 3520 Compositus
833 3441 880 3500 cst
915 3437 1026 3500 eodem
1053 3436 1120 3498 fere
1144 3436 1235 3498 modo

172 3584 239 3645 quo
262 3585 293 3625 v.
320 3562 395 3626 161:

220 3755 349 3810 namque
372 3756 432 3794 una
456 3741 547 3811 atque
572 3737 672 3794 eadem
696 3741 740 3794 est
763 3736 823 3794 uini
847 3736 945 3811 patria
969 3740 1058 3810 atque
1081 3735 1210 3792 ministri

286 3985 305 4053 ¹)
325 3987 398 4040 Banu
418 3988 435 4040 l.
455 3988 472 4040 l.
492 4007 518 4056 p.
540 3990 580 4040 75.
