2828 4612
507 276 701 341 -129-

61 454 100 519 Si
140 457 236 537 poeta
270 455 330 519 sibi
366 457 511 517 constare
546 454 706 532 voluisset,
742 455 864 537 aquilus
878 456 1022 537 'quoque
1048 452 1135 516 nulla

65 580 292 643 coniunctione
328 579 481 657 adhibita,
517 580 666 643 inducere
692 580 811 644 debuit,
858 579 922 643 Vix
946 579 1030 642 enim
1054 596 1133 660 opus

65 706 142 767 erat
172 704 313 767 alterum
337 726 436 788 genus
461 704 567 767 avium
592 705 684 768 alt-eri
708 727 879 787 opponere.
926 703 1072 768 Conferri
1096 725 1134 765 ea

61 829 220 891 transitio
243 831 358 911 potest,
382 851 453 911 quae
477 827 534 892 XI.
562 830 623 891 130
649 833 714 892 est:

382 986 432 1043 sed
456 1004 508 1042 nec
531 991 661 1044 structor
686 986 743 1044 erit
767 991 822 1044 eet.

62 1148 185 1212 Altera
209 1148 355 1210 transitio
379 1148 415 1210 fit
438 1171 496 1231 per
518 1149 709 1230 particulam
732 1150 787 1211 sed
810 1173 840 1212 v.
867 1150 945 1213 117:

178 1305 229 1362 sed
253 1312 389 1362 crescunt
413 1324 600 1380 quocumque
624 1307 711 1363 morlo
734 1305 906 1380 innioraque
930 1306 1006 1362 liunt

61 1468 123 1531 sed
160 1489 233 1530 cum
255 1466 339 1529 hunc
363 1489 489 1530 versum
513 1469 656 1550 spurium
680 1490 748 1530 esse
774 1468 919 1542 arbitrer,
945 1489 1008 1530 non
1030 1467 1133 1532 habeo

61 1593 153 1676 quod
190 1591 228 1654 da
265 1592 452 1654 transitione
487 1593 610 1655 addam.
658 1592 795 1655 Diuitias
819 1613 1016 1675 quocumque
1041 1592 1133 1656 modo

60 1737 226 1793 crescere,
252 1717 302 1779 vel
326 1738 365 1778 ex
390 1738 425 1779 eo
450 1716 596 1800 intellegi
619 1720 734 1799 potest,
759 1718 841 1799 quod
860 1716 925 1779 iam
941 1738 1036 1800 supra
1052 1717 1133 1780 dixit

56 1844 176 1925 poeta,
210 1862 281 1903 curn
306 1841 472 1903 avaritiam
495 1841 609 1904 vitium
633 1841 821 1920 nominaret,
847 1842 985 1924 speciem
1009 1844 1132 1905 tantum

58 1969 97 2030 et
124 1966 272 2029 umbram
297 1966 423 2028 virtutis
447 1966 579 2030 habens.
627 1967 734 2029 Etiam
757 1990 786 2030 v.
814 1969 890 2031 125:

258 2141 326 2180 mox
350 2123 524 2197 adquirendi
548 2125 633 2181 docet
655 2124 823 2181 insatiabile
847 2127 951 2180 votum

55 2285 250 2350 reiciendus
274 2289 330 2348 est.
371 2285 530 2348 Dicuntur
554 2286 638 2349 eninr
661 2286 789 2348 iuvenes
812 2308 842 2348 v.
867 2287 928 2347 124
945 2289 1036 2367 patre
1053 2286 1131 2348 duce

18 2386 33 2439 Ι
57 2409 218 2475 minimas
247 2410 384 2472 ediscere
409 2410 533 2486 sordes3
564 2410 678 2472 harum
703 2410 848 2491 exemplu
872 2410 945 2471 inde
969 2433 987 2472 a
1010 2432 1040 2472 v.
1069 2411 1130 2472 126

56 2536 268 2610 adferuntur,
304 2557 400 2616 qnam
433 2535 473 2597 ob
508 2556 576 2596 reni
607 2534 640 2597 hi
667 2555 772 2596 versus
797 2535 880 2597 inter
903 2555 935 2596 se
959 2556 1023 2596 non
1046 2534 1129 2597 male

57 2658 242 2736 cohaerent,
278 2680 348 2740 qum
377 2658 578 2737 cohaerentia,
603 2660 630 2722 si
654 2682 682 2722 v.
710 2659 771 2721 125
796 2659 979 2735 retinemus,
1004 2658 1131 2722 omnino

54 2783 201 2847 tollitur.

178 2907 381 2984 Particulum,
407 2929 476 2989 quae
502 2913 549 2969 est
572 2909 703 2983 interea,
727 2908 760 2969 in
781 2908 1021 2971 transitionibus
1038 2905 1130 2971 Iuve-

56 3032 206 3096 ‘nalianis
238 3053 322 3113 saepe
346 3032 502 3113 usurpari,
527 3054 623 3114 snpra
646 3033 851 3096 ostendimus
898 3032 962 3095 cfr.
988 3029 1029 3094 Il.
1057 3033 1130 3111 137,

60 3154 127 3220 VI.
155 3156 229 3234 149,
253 3157 328 3232 461,
353 3153 443 3218 VIII.
471 3159 544 3232 155,
568 3156 624 3219 Xl.
652 3158 701 3229 14,
729 3158 801 3220 193.
849 3155 886 3219 ln
902 3156 1000 3219 saitica
1016 3159 1130 3237 quarta

63 3280 195 3345 decima
232 3303 339 3343 rursus
364 3281 501 3343 occurrit
525 3304 553 3344 v.
581 3283 652 3344 138.
700 3279 924 3362 Occupationis
949 3280 1130 3362 exemplum

65 3408 119 3469 est
143 3427 173 3468 v.
200 3405 272 3482 153,
298 3405 361 3467 alia
385 3405 590 3468 inveniuntur
613 3402 637 3466 Ι.
665 3406 737 3481 150,
762 3402 803 3466 II.
830 3406 881 3481 70,
905 3401 963 3467 VI.
986 3405 1037 3481 55,
1054 3401 1129 3469 Vll.

67 3530 146 3606 105,
181 3527 221 3592 X.
259 3530 332 3604 324,
368 3529 451 3591 infra
481 3552 509 3592 v.
536 3530 599 3591 224
624 3531 684 3591 cet.
730 3526 944 3613 Interrogatio
967 3528 1034 3605 illa,
1058 3550 1129 3611 quae

65 3659 118 3719 est
142 3674 191 3717 vv.
218 3653 401 3729 177-178,
424 3653 602 3735 comparari
618 3654 723 3733 potest
739 3673 810 3715 cum
825 3650 898 3715 VII.
919 3654 991 3717 103.
1027 3651 1129 3737 Berg-

67 3777 207 3842 mueller
225 3777 247 3852 1)
272 3777 518 3859 propositionem
543 3777 706 3840 constituit
728 3799 758 3840 r.
785 3777 857 3843 176.
882 3779 1131 3859 assumptionem

181 3953 200 4021 ¹)
221 3955 400 4008 Bnnont'nnsn
419 3953 436 4006 l.
456 3953 473 4005 l.
493 3971 520 4022 p.
540 3953 581 4006 28.

1007 4061 1022 4111 9
