2828 4612
621 300 815 398 -ml-

173 496 274 554 rare4
295 476 444 558 quonium
467 476 554 539 lenta
578 478 708 540 deorum
725 478 773 540 iro
790 478 831 539 sit
839 477 910 564 x(ur.
929 479 969 540 90
987 479 1070 559 sqq.)
1110 475 1248 552 Quorum

176 601 419 664 sententiarum
444 602 584 664 ordinem
610 601 805 665 Ribbeclrius
831 603 876 665 itu
899 605 1022 664 mutare
1046 602 1123 680 vult,
1148 606 1183 665 ut
1198 626 1248 668 vv.

180 726 319 790 75—85
355 729 426 808 post
450 749 498 788 vv.
525 727 566 789 8ss
591 748 659 808 sqq.
685 726 887 805 collocentur,
912 727 1060 808 quoniam
1084 748 1154 808 quae
1178 728 1249 791 uui·
1276 774 1277 778 ,

178 871 277 913 verse
314 851 459 913 dicuntur
494 851 568 933 poni
604 852 741 914 debeant
775 855 848 913 unte
884 873 931 925 eu,
968 873 1038 934 quae
1064 853 1249 915 nominatim

180 974 408 1038 exhibeantur.
456 975 536 1038 Mihi
561 976 689 1056 quidem
713 998 760 1054 eu,
786 997 855 1058 quae
873 999 922 1040 vu.
941 977 981 1039 86
999 999 1067 1058 sqq.
1085 977 1248 1060 leguntur,

180 1121 249 1163 non
285 1100 388 1183 magis
424 1100 569 1162 universe
594 1100 679 1182 (lictu
709 1121 776 1162 esse
801 1100 958 1172 ridentur,
983 1123 1079 1182 quum
1103 1123 1173 1183 quae
1199 1125 1248 1165 vv.

185 1225 319 1288 75-85
355 1224 570 1287 inveniuntur.
618 1223 851 1288 Colraerentiam
886 1247 1033 1287 versuum
1065 1229 1097 1288 et
1123 1231 1250 1289 senten·

182 1349 305 1419 tiorum
340 1347 400 1412 hoc
434 1350 526 1412 modo
562 1349 705 1411 defendo.
753 1348 801 1411 Tu
837 1350 988 1431 quereris,
1018 1350 1121 1431 inquit
1144 1354 1248 1432 poeto,

185 1475 297 1536 decem
322 1473 469 1535 sestertia
492 1474 680 1555 interceptu,
706 1474 760 1536 sed
784 1478 867 1548 sunt,
892 1474 947 1555 qui
963 1450 1131 1556 pecuniam
1147 1475 1249 1537 multo

183 1599 339 1661 maiorem
374 1599 571 1680 perdiderint
606 1599 669 1677 (vv.
707 1599 861 1679 71-74).
908 1597 975 1672 Quo
1007 1599 1099 1662 modo
1122 1599 1153 1660 id
1178 1599 1248 1662 fieri

183 1726 315 1805 potest?
350 1721 511 1785 Nimirum
543 1728 685 1785 mutuum
709 1726 836 1785 sumunt
860 1723 1029 1805 pecuniam
1052 1724 1247 1786 fraudulenti

183 1847 340 1925 homines
370 1849 425 1910 sed
449 1870 520 1910 cum
545 1871 563 1909 u
588 1848 742 1911 creditore
767 1849 932 1930 repetitur,
957 1852 1077 1933 negant
1101 1871 1133 1911 se
1159 1869 1248 1912 ucce-

183 1974 281 2055 pisse.
329 1970 399 2035 ltur
422 1973 454 2034 in
478 1973 544 2036 ius:
578 1995 695 2057 magno
719 1993 793 2034 voce
819 1977 948 2056 negant,
974 1975 1070 2037 immo
1094 1974 1248 2056 peiorum,
1307 2040 1309 2047 ,

159 2099 294 2171 ,iurant
318 2119 375 2180 per
398 2097 477 2160 Solis
502 2099 616 2175 radice,
641 2121 699 2180 per
723 2097 867 2173 fulmina,
892 2121 950 2180 per
966 2120 1075 2160 omnes
1096 2099 1168 2160 deos
1186 2096 1248 2177 (vv.
1294 2098 1296 2102 ⁴

187 2222 344 2303 75-85).
385 2221 452 2296 tluo
476 2223 567 2284 modo
590 2223 622 2284 id
640 2223 778 2284 nudent?
807 2221 932 2293 Dicam.
973 2221 1040 2283 Alii
1059 2244 1120 2284 non
1137 2225 1250 2303 putant

186 2348 264 2410 deos
290 2369 367 2425 esse,
392 2348 536 2429 peierare
560 2347 660 2429 igitur
683 2368 745 2408 non
771 2347 934 2421 dubitent3
961 2346 1016 2408 alii
1039 2350 1154 2428 putant
1171 2369 1249 2420 esse,

183 2471 241 2533 sed
277 2470 358 2533 lucri
392 2474 458 2533 tem
486 2471 593 2552 cupidi
617 2475 700 2547 sunt,
726 2473 760 2532 ut
783 2493 900 2552 poenas
926 2494 943 2532 u
968 2471 1027 2532 diis
1051 2471 1163 2533 missas
1187 2493 1248 2533 non

184 2599 316 2669 curent;
342 2596 396 2657 alii
421 2597 555 2678 denique
580 2599 710 2677 sperant
733 2595 793 2658 sibi
818 2595 940 2678 ignosci
963 2617 1063 2677 posse.
1112 2594 1179 2669 Quo
1202 2595 1248 2671 fir,

184 2723 222 2783 ut
244 2719 280 2782 hi
302 2741 409 2783 omnes
433 2741 550 2803 magna
574 2720 670 2783 animi
695 2720 871 2782 constantis
895 2719 1011 2783 falsum
1034 2721 1138 2783 iurent
1155 2724 1248 2803 atque

184 2846 232 2907 itu
256 2844 349 2907 liberi
374 2845 509 2907 evadant
534 2849 595 2920 (vv.
622 2845 800 2925 86—2119).

141 2962 146 2973 ⁵
294 2968 445 3043 (lumnam
468 2968 520 3031 hic
545 2970 691 3032 universe
716 2970 906 3047 dictasunt,
931 2993 1078 3052 quaenum
1100 2971 1249 3053 proprie?

185 3093 289 3158 Credo
323 3093 407 3156 inter
442 3095 518 3156 duos
542 3094 626 3157 locos
649 3095 695 3156 ito
718 3117 780 3158 non
805 3095 1063 3178 distinguendum
1088 3117 1166 3170 esse,
1191 3115 1249 3156 nee

140 3256 141 3260 =
185 3219 424 3301 dispositionem
447 3241 604 3291 versuum,
630 3221 744 3282 bonam
768 3223 800 3282 et
823 3219 1031 3302 probabilem,
1049 3219 1244 3280 mutandum.

207 3416 209 3423 4
295 3341 345 3406 Sic
380 3341 562 3405 iuvenalem
598 3344 631 3405 in
661 3342 720 3405 huc
744 3345 842 3407 satira
867 3343 1004 3407 dolorem
1028 3343 1128 3405 tristis
1153 3343 1246 3405 amici

184 3467 354 3530 mitissima
391 3467 605 3530 consolatione
640 3468 747 3530 levare
782 3469 935 3543 videmus
967 3468 1091 3530 mitiore
1116 3467 1249 3530 fortusse

186 3614 284 3675 quam
317 3615 377 3673 par
412 3596 481 3654 erat
503 3593 536 3654 in
561 3614 597 3654 eu
622 3593 762 3669 civitate,
786 3593 819 3654 in
844 3615 906 3675 qun
929 3595 1093 3674 tamquam
1117 3591 1250 3674 pestifer

186 3717 314 3780 morbus
350 3716 531 3798 corruptela
558 3717 591 3777 in
616 3717 683 3779 dies
706 3717 802 3780 latius
825 3721 970 3781 manaret
994 3720 1025 3778 et
1048 3698 1247 3779 funderetur.

186 3838 327 3922 Quoquo
345 3842 438 3903 modo
461 3862 493 3902 se
518 3862 568 3902 res
592 3839 700 3916 habet,
726 3837 870 3905 luvenali
888 3844 972 3904 certe
988 3841 1075 3903 laudi
1092 3843 1149 3919 est,
1167 3843 1250 3923 quod

185 3965 324 4027 inimicis
359 3965 525 4048 ignoscere
560 3987 655 4047 quam
691 3966 764 4028 odio
799 3966 996 4048 implacabili
1027 3987 1079 4028 eos
1103 3965 1250 4048 persequi
