2828 4612
535 1124 686 1234 Satira
724 1125 819 1277 lx,
851 1273 854 1278 Ι

240 1340 387 1404 Formam
412 1339 532 1423 dialogi
555 1362 573 1402 a
597 1336 746 1402 Iuvenale
770 1339 803 1401 in
827 1339 933 1402 satiris
957 1361 1041 1422 saepe
1066 1339 1192 1404 adhibi-

130 1470 197 1529 tam
232 1487 309 1541 csse,
334 1465 428 1527 facilc
454 1463 601 1542 elucebit,
625 1463 652 1526 si
676 1463 709 1525 ln
739 1486 792 1526 aas
816 1463 920 1527 oculos
944 1464 1189 1541 coniecerimus3

132 1612 234 1672 neque
264 1590 297 1651 id
320 1589 445 1668 mirum,
469 1610 542 1651 nam
567 1591 599 1651 et
622 1589 661 1651 ad
685 1610 861 1651 sermonem
884 1588 1070 1651 variandum
1095 1589 1190 1651 etad

129 1716 353 1797 argumentum
400 1713 600 1795 propositum
646 1712 846 1794 explanatius
885 1712 1113 1794 disponendum
1153 1735 1190 1776 ea

129 1838 233 1900 forma
269 1838 432 1920 aptissima
466 1841 524 1901 est.
571 1835 633 1900 Sed
667 1838 700 1899 in
735 1837 848 1900 ceteris
884 1836 999 1913 satiris,
1031 1858 1103 1899 cum
1126 1859 1190 1900 non

130 1985 201 2026 raro
225 1963 437 2041 inveniantur,
462 1962 516 2045 qui
537 1961 750 2045 colloquentes
765 1961 817 2025 vel
834 1983 905 2024 cum
920 1961 1075 2044 scriptore
1092 1960 1189 2023 alter-

128 2090 237 2149 cantes
261 2089 460 2163 inducantur,
485 2091 592 2150 tamen
616 2109 674 2169 per
696 2087 893 2150 occasionem
913 2086 1017 2168 potius
1034 2107 1072 2148 ca
1092 2085 1188 2148 collo-

127 2212 205 2294 quia
228 2211 395 2291 habentur,
420 2233 482 2293 quo
504 2211 551 2288 fit,
569 2213 604 2273 ut
620 2212 721 2274 forma
738 2210 857 2294 dialogi
873 2233 892 2272 a
907 2209 1065 2292 principio
1081 2209 1187 2273 satirae

128 2356 226 2414 usque
263 2335 302 2396 ad
337 2336 433 2396 finem
467 2335 596 2396 minime
621 2338 773 2396 servetur.
820 2333 985 2415 Exemplis
1010 2356 1117 2397 omnes
1141 2356 1187 2397 cae

128 2456 234 2519 satirae
259 2453 473 2519 Iuvenalianae
497 2456 589 2519 nobis
613 2460 695 2535 sunt,
720 2479 790 2539 quae
815 2460 887 2519 onte
911 2479 1027 2519 nonam
1050 2457 1101 2520 vel
1116 2462 1188 2540 post

128 2602 199 2642 eam
222 2580 382 2664 leguntur.
423 2579 483 2654 Qui
506 2603 603 2643 unum
628 2581 802 2644 alterumve
826 2579 919 2643 huius
943 2581 990 2644 rei
1007 2580 1185 2663 exemplum

121 2726 320 2789 cognoscere
356 2705 466 2783 velint,
495 2727 547 2768 eos
573 2705 685 2789 delego
710 2705 749 2767 ad
784 2702 809 2769 I.
837 2706 1019 2781 rso-171,
1055 2703 1097 2768 II.
1125 2708 1185 2769 132

130 2830 247 2899 -135,
277 2827 335 2892 III.
363 2831 547 2907 153--159,
572 2826 630 2894 VI.
655 2831 839 2909 oss—642,
864 2829 903 2893 X.
929 2832 1070 2909 tir-88,
1094 2827 1185 2896 XIII.

128 2954 311 3031 lla—180,
336 2951 424 3018 XIV.
450 2955 638 3019 aar—225.

232 3077 294 3142 Sed
318 3079 416 3142 satira
440 3102 523 3143 nona
547 3103 565 3142 a
589 3081 743 3163 scriptore
767 3079 812 3141 itu
829 3079 1015 3161 disponitur,
1033 3083 1068 3142 ut
1083 3080 1186 3143 forma

125 3203 245 3286 dialogi
280 3206 320 3268 ab
354 3205 445 3268 initio
468 3185 567 3286 usque
592 3205 629 3267 ad
654 3205 750 3266 finem
774 3204 958 3267 retineatur.
1005 3204 1054 3267 Ea
1078 3205 1185 3287 dispo-

123 3328 196 3391 sitio
232 3350 293 3409 quo
328 3329 429 3391 rarior
464 3333 533 3390 erat
568 3328 701 3410 ideoque
737 3327 904 3411 insignior,
935 3350 971 3390 eo
994 3329 1119 3391 facilius
1143 3330 1184 3393 ab

124 3453 297 3516 editoribus
321 3453 488 3516 observata
512 3456 544 3516 et
568 3453 748 3515 examinata
771 3456 828 3516 est.
869 3451 946 3526 Quae
970 3457 1079 3516 contra
1100 3453 1184 3516 ordi-

123 3599 197 3641 nem
233 3599 380 3641 versuum
416 3579 447 3640 et
482 3568 664 3640 universam
686 3578 792 3640 satirae
821 3577 1057 3660 dispositionem
1087 3578 1184 3641 allata

38 3684 41 3689 ¹
122 3707 205 3779 sunt,
241 3725 296 3765 suo
331 3703 399 3766 loco
434 3702 517 3765 infra
550 3724 757 3784 exponemus;
793 3702 846 3765 hic
870 3703 908 3766 dc
932 3703 981 3779 iis,
1006 3703 1061 3784 qui
1085 3702 1182 3765 collo-

122 3831 254 3909 quentes
278 3827 479 3908 inducuntur,
504 3828 605 3910 deque
622 3849 731 3890 eorum
748 3827 903 3909 colloquio
920 3827 1065 3890 universe
1081 3849 1183 3909 pauca

122 3952 356 4032 praemittimus

1060 4073 1073 4126 1
