<?xml version="1.0" encoding="UTF-8"?>
<!DOCTYPE html PUBLIC "-//W3C//DTD XHTML 1.0 Transitional//EN"
    "http://www.w3.org/TR/xhtml1/DTD/xhtml1-transitional.dtd">
<html xmlns="http://www.w3.org/1999/xhtml" xml:lang="en" lang="en">
 <head>
  <title>
</title>
<meta http-equiv="Content-Type" content="text/html;charset=utf-8" />
  <meta name='ocr-system' content='tesseract 3.04.00' />
  <meta name='ocr-capabilities' content='ocr_page ocr_carea ocr_par ocr_line ocrx_word'/>
</head>
<body>
  <div class='ocr_page' id='page_1' title='image "./deargumentidisp00gyllgoog_0010.png"; bbox 0 0 2828 4612; ppageno 0'>
   <div class='ocr_carea' id='block_1_1' title="bbox 352 299 937 554">
    <p class='ocr_par' dir='ltr' id='par_1_1' title="bbox 352 299 937 554">
     <span class='ocr_line' id='line_1_1' title="bbox 594 299 744 361; baseline 0 -21"><span class='ocrx_word' id='word_1_1' title='bbox 594 332 632 340; x_wconf 45' lang='lat'><strong><em>*</em></strong></span> <span class='ocrx_word' id='word_1_2' title='bbox 659 299 678 361; x_wconf 85' lang='lat'>3</span> <span class='ocrx_word' id='word_1_3' title='bbox 704 332 744 340; x_wconf 79' lang='grc'>-</span> 
     </span>
     <span class='ocr_line' id='line_1_2' title="bbox 352 477 937 554; baseline -0.003 -16"><span class='ocrx_word' id='word_1_4' title='bbox 352 488 387 538; x_wconf 88' lang='lat' dir='ltr'>tu</span> <span class='ocrx_word' id='word_1_5' title='bbox 409 477 528 537; x_wconf 85' lang='lat' dir='ltr'>tentum</span> <span class='ocrx_word' id='word_1_6' title='bbox 551 479 646 538; x_wconf 84' lang='lat' dir='ltr'>erucis</span> <span class='ocrx_word' id='word_1_7' title='bbox 669 479 794 554; x_wconf 83' lang='lat' dir='ltr'>inprime</span> <span class='ocrx_word' id='word_1_8' title='bbox 819 479 937 537; x_wconf 82' lang='lat' dir='ltr'>dentem</span> 
     </span>
    </p>
   </div>
   <div class='ocr_carea' id='block_1_2' title="bbox 79 647 1262 2974">
    <p class='ocr_par' dir='ltr' id='par_1_2' title="bbox 79 647 1262 2974">
     <span class='ocr_line' id='line_1_3' title="bbox 139 647 1200 735; baseline 0.001 -21"><span class='ocrx_word' id='word_1_9' title='bbox 139 652 263 734; x_wconf 86' lang='lat' dir='ltr'>lepidus</span> <span class='ocrx_word' id='word_1_10' title='bbox 287 651 341 715; x_wconf 89' lang='lat' dir='ltr'>ille</span> <span class='ocrx_word' id='word_1_11' title='bbox 364 652 493 734; x_wconf 90' lang='lat' dir='ltr'>quidem</span> <span class='ocrx_word' id='word_1_12' title='bbox 516 672 574 713; x_wconf 82' lang='lat' dir='ltr'>nee</span> <span class='ocrx_word' id='word_1_13' title='bbox 599 675 617 714; x_wconf 87' lang='lat' dir='ltr'>a</span> <span class='ocrx_word' id='word_1_14' title='bbox 639 651 742 714; x_wconf 81' lang='lat' dir='ltr'>iocoso</span> <span class='ocrx_word' id='word_1_15' title='bbox 766 673 882 735; x_wconf 85' lang='lat' dir='ltr'>genere</span> <span class='ocrx_word' id='word_1_16' title='bbox 900 650 1025 714; x_wconf 78' lang='lat' dir='ltr'>dicendi</span> <span class='ocrx_word' id='word_1_17' title='bbox 1041 647 1200 715; x_wconf 84' lang='lat' dir='ltr'>Iuvenalis</span> 
     </span>
     <span class='ocr_line' id='line_1_4' title="bbox 141 775 1199 859; baseline 0 -20"><span class='ocrx_word' id='word_1_18' title='bbox 141 776 271 852; x_wconf 69' lang='lat' dir='ltr'>alienus</span> <span class='ocrx_word' id='word_1_19' title='bbox 302 777 358 839; x_wconf 87' lang='lat' dir='ltr'>sed</span> <span class='ocrx_word' id='word_1_20' title='bbox 380 776 525 859; x_wconf 89' lang='lat' dir='ltr'>plerique</span> <span class='ocrx_word' id='word_1_21' title='bbox 549 798 612 838; x_wconf 86' lang='lat' dir='ltr'>uua</span> <span class='ocrx_word' id='word_1_22' title='bbox 635 780 740 838; x_wconf 89' lang='lat' dir='ltr'>mente</span> <span class='ocrx_word' id='word_1_23' title='bbox 766 775 974 854; x_wconf 79' lang='lat' dir='ltr'>consentiunt,</span> <span class='ocrx_word' id='word_1_24' title='bbox 998 777 1199 857; x_wconf 73' lang='lat' dir='ltr'>postrema,</span> 
     </span>
     <span class='ocr_line' id='line_1_5' title="bbox 141 898 1199 983; baseline 0 -20"><span class='ocrx_word' id='word_1_25' title='bbox 141 923 211 983; x_wconf 82' lang='lat' dir='ltr'>quae</span> <span class='ocrx_word' id='word_1_26' title='bbox 235 903 308 964; x_wconf 90' lang='lat' dir='ltr'>suut</span> <span class='ocrx_word' id='word_1_27' title='bbox 331 921 403 983; x_wconf 89' lang='lat' dir='ltr'>spes</span> <span class='ocrx_word' id='word_1_28' title='bbox 427 904 572 982; x_wconf 85' lang='lat' dir='ltr'>superest</span> <span class='ocrx_word' id='word_1_29' title='bbox 595 899 608 981; x_wconf 69' lang='lat' dir='ltr'>l</span> <span class='ocrx_word' id='word_1_30' title='bbox 631 949 637 962; x_wconf 91' lang='lat'>.</span> <span class='ocrx_word' id='word_1_31' title='bbox 664 900 751 981; x_wconf 75' lang='lat'>134),</span> <span class='ocrx_word' id='word_1_32' title='bbox 776 899 923 962; x_wconf 78' lang='lat' dir='ltr'>lacunam</span> <span class='ocrx_word' id='word_1_33' title='bbox 944 921 1021 963; x_wconf 88' lang='lat' dir='ltr'>esse.</span> <span class='ocrx_word' id='word_1_34' title='bbox 1061 898 1199 974; x_wconf 81' lang='lat' dir='ltr'>Quorum</span> 
     </span>
     <span class='ocr_line' id='line_1_6' title="bbox 140 1024 1198 1107; baseline 0.003 -21"><span class='ocrx_word' id='word_1_35' title='bbox 140 1025 329 1088; x_wconf 87' lang='lat' dir='ltr'>sententiam</span> <span class='ocrx_word' id='word_1_36' title='bbox 365 1025 514 1107; x_wconf 86' lang='lat' dir='ltr'>amplecti</span> <span class='ocrx_word' id='word_1_37' title='bbox 549 1024 627 1087; x_wconf 90' lang='lat' dir='ltr'>mihi</span> <span class='ocrx_word' id='word_1_38' title='bbox 662 1046 786 1107; x_wconf 88' lang='lat' dir='ltr'>quoque</span> <span class='ocrx_word' id='word_1_39' title='bbox 821 1025 919 1087; x_wconf 84' lang='lat' dir='ltr'>satius</span> <span class='ocrx_word' id='word_1_40' title='bbox 955 1046 1022 1088; x_wconf 87' lang='lat' dir='ltr'>esse</span> <span class='ocrx_word' id='word_1_41' title='bbox 1057 1024 1198 1089; x_wconf 84' lang='lat' dir='ltr'>videtur:</span> 
     </span>
     <span class='ocr_line' id='line_1_7' title="bbox 79 1128 595 1213; baseline 0.002 -2"><span class='ocrx_word' id='word_1_42' title='bbox 79 1128 81 1133; x_wconf 23' lang='lat'>³</span> <span class='ocrx_word' id='word_1_43' title='bbox 140 1150 242 1212; x_wconf 83' lang='lat' dir='ltr'>causis</span> <span class='ocrx_word' id='word_1_44' title='bbox 267 1150 353 1213; x_wconf 88' lang='lat' dir='ltr'>loeus</span> <span class='ocrx_word' id='word_1_45' title='bbox 377 1149 429 1212; x_wconf 87' lang='lat' dir='ltr'>hic</span> <span class='ocrx_word' id='word_1_46' title='bbox 453 1172 513 1212; x_wconf 87' lang='lat' dir='ltr'>non</span> <span class='ocrx_word' id='word_1_47' title='bbox 538 1153 595 1212; x_wconf 84' lang='lat' dir='ltr'>est.</span> 
     </span>
     <span class='ocr_line' id='line_1_8' title="bbox 244 1271 1198 1359; baseline 0.001 -23"><span class='ocrx_word' id='word_1_48' title='bbox 244 1273 304 1337; x_wconf 87' lang='lat' dir='ltr'>Vv.</span> <span class='ocrx_word' id='word_1_49' title='bbox 330 1274 503 1337; x_wconf 81' lang='lat'>135—150</span> <span class='ocrx_word' id='word_1_50' title='bbox 527 1272 613 1336; x_wconf 89' lang='lat' dir='ltr'>nullo</span> <span class='ocrx_word' id='word_1_51' title='bbox 634 1273 824 1359; x_wconf 80' lang='lat' dir='ltr'>adversante</span> <span class='ocrx_word' id='word_1_52' title='bbox 852 1271 983 1337; x_wconf 84' lang='lat' dir='ltr'>Naevolo</span> <span class='ocrx_word' id='word_1_53' title='bbox 1005 1275 1198 1338; x_wconf 88' lang='lat' dir='ltr'>tribuuntur.</span> 
     </span>
     <span class='ocr_line' id='line_1_9' title="bbox 211 1396 1199 1481; baseline 0.002 -21"><span class='ocrx_word' id='word_1_54' title='bbox 211 1456 214 1460; x_wconf 79' lang='grc'><strong><em>,</em></strong></span> <span class='ocrx_word' id='word_1_55' title='bbox 244 1396 281 1460; x_wconf 87' lang='lat' dir='ltr'>ln</span> <span class='ocrx_word' id='word_1_56' title='bbox 306 1398 345 1461; x_wconf 89' lang='lat' dir='ltr'>iis</span> <span class='ocrx_word' id='word_1_57' title='bbox 369 1399 485 1477; x_wconf 67' lang='lat' dir='ltr'>satiris</span> <span class='ocrx_word' id='word_1_58' title='bbox 510 1420 587 1480; x_wconf 84' lang='lat' dir='ltr'>quas</span> <span class='ocrx_word' id='word_1_59' title='bbox 613 1400 707 1460; x_wconf 84' lang='lat' dir='ltr'>antea</span> <span class='ocrx_word' id='word_1_60' title='bbox 723 1399 858 1461; x_wconf 80' lang='lat' dir='ltr'>tractavi</span> <span class='ocrx_word' id='word_1_61' title='bbox 869 1396 905 1480; x_wconf 90' lang='lat'>¹),</span> <span class='ocrx_word' id='word_1_62' title='bbox 935 1399 1080 1481; x_wconf 84' lang='lat' dir='ltr'>exempla</span> <span class='ocrx_word' id='word_1_63' title='bbox 1095 1402 1199 1462; x_wconf 82' lang='lat' dir='ltr'>trans-</span> 
     </span>
     <span class='ocr_line' id='line_1_10' title="bbox 138 1520 1200 1606; baseline 0.002 -21"><span class='ocrx_word' id='word_1_64' title='bbox 138 1524 273 1586; x_wconf 90' lang='lat' dir='ltr'>itiouum</span> <span class='ocrx_word' id='word_1_65' title='bbox 298 1520 473 1585; x_wconf 87' lang='lat' dir='ltr'>subitarum</span> <span class='ocrx_word' id='word_1_66' title='bbox 497 1544 561 1586; x_wconf 90' lang='lat' dir='ltr'>non</span> <span class='ocrx_word' id='word_1_67' title='bbox 585 1522 763 1585; x_wconf 83' lang='lat' dir='ltr'>defuerunt.</span> <span class='ocrx_word' id='word_1_68' title='bbox 808 1520 914 1585; x_wconf 80' lang='lat' dir='ltr'>Satira</span> <span class='ocrx_word' id='word_1_69' title='bbox 936 1546 1028 1603; x_wconf 77' lang='lat' dir='ltr'>nona,</span> <span class='ocrx_word' id='word_1_70' title='bbox 1053 1524 1136 1606; x_wconf 88' lang='lat' dir='ltr'>quod</span> <span class='ocrx_word' id='word_1_71' title='bbox 1160 1525 1200 1587; x_wconf 85' lang='lat' dir='ltr'>ad</span> 
     </span>
     <span class='ocr_line' id='line_1_11' title="bbox 140 1636 1200 1730; baseline 0.001 -20"><span class='ocrx_word' id='word_1_72' title='bbox 140 1647 315 1711; x_wconf 88' lang='lat' dir='ltr'>eiusmodi</span> <span class='ocrx_word' id='word_1_73' title='bbox 342 1636 544 1710; x_wconf 81' lang='lat' dir='ltr'>transitiones</span> <span class='ocrx_word' id='word_1_74' title='bbox 568 1647 717 1728; x_wconf 76' lang='lat' dir='ltr'>pertinet,</span> <span class='ocrx_word' id='word_1_75' title='bbox 742 1668 814 1710; x_wconf 87' lang='lat' dir='ltr'>cum</span> <span class='ocrx_word' id='word_1_76' title='bbox 836 1647 993 1729; x_wconf 85' lang='lat' dir='ltr'>prioribus</span> <span class='ocrx_word' id='word_1_77' title='bbox 1018 1649 1200 1730; x_wconf 86' lang='lat' dir='ltr'>comparari</span> 
     </span>
     <span class='ocr_line' id='line_1_12' title="bbox 138 1772 1199 1855; baseline 0.002 -21"><span class='ocrx_word' id='word_1_78' title='bbox 138 1795 200 1835; x_wconf 87' lang='lat' dir='ltr'>non</span> <span class='ocrx_word' id='word_1_79' title='bbox 234 1776 340 1855; x_wconf 90' lang='lat' dir='ltr'>potest</span> <span class='ocrx_word' id='word_1_80' title='bbox 375 1772 426 1835; x_wconf 88' lang='lat' dir='ltr'>vel</span> <span class='ocrx_word' id='word_1_81' title='bbox 460 1773 499 1836; x_wconf 90' lang='lat' dir='ltr'>ob</span> <span class='ocrx_word' id='word_1_82' title='bbox 535 1793 605 1834; x_wconf 82' lang='lat' dir='ltr'>eam</span> <span class='ocrx_word' id='word_1_83' title='bbox 641 1793 779 1852; x_wconf 74' lang='lat' dir='ltr'>eausam,</span> <span class='ocrx_word' id='word_1_84' title='bbox 804 1772 887 1854; x_wconf 95' lang='lat' dir='ltr'>quod</span> <span class='ocrx_word' id='word_1_85' title='bbox 910 1776 1042 1855; x_wconf 88' lang='lat' dir='ltr'>propter</span> <span class='ocrx_word' id='word_1_86' title='bbox 1065 1773 1199 1836; x_wconf 83' lang='lat' dir='ltr'>formam</span> 
     </span>
     <span class='ocr_line' id='line_1_13' title="bbox 138 1895 1199 1982; baseline 0.003 -24"><span class='ocrx_word' id='word_1_87' title='bbox 138 1895 254 1981; x_wconf 80' lang='lat' dir='ltr'>dialogi</span> <span class='ocrx_word' id='word_1_88' title='bbox 290 1897 425 1979; x_wconf 84' lang='lat' dir='ltr'>scriptor</span> <span class='ocrx_word' id='word_1_89' title='bbox 459 1900 651 1980; x_wconf 88' lang='lat' dir='ltr'>potestatem</span> <span class='ocrx_word' id='word_1_90' title='bbox 686 1920 748 1960; x_wconf 91' lang='lat' dir='ltr'>non</span> <span class='ocrx_word' id='word_1_91' title='bbox 782 1897 896 1962; x_wconf 88' lang='lat' dir='ltr'>habuit</span> <span class='ocrx_word' id='word_1_92' title='bbox 930 1899 970 1962; x_wconf 83' lang='lat' dir='ltr'>ab</span> <span class='ocrx_word' id='word_1_93' title='bbox 1005 1921 1068 1961; x_wconf 85' lang='lat' dir='ltr'>uua</span> <span class='ocrx_word' id='word_1_94' title='bbox 1108 1903 1199 1982; x_wconf 86' lang='lat' dir='ltr'>parte</span> 
     </span>
     <span class='ocr_line' id='line_1_14' title="bbox 140 2021 1198 2104; baseline 0.003 -21"><span class='ocrx_word' id='word_1_95' title='bbox 140 2022 319 2104; x_wconf 85' lang='lat' dir='ltr'>argumenti</span> <span class='ocrx_word' id='word_1_96' title='bbox 354 2021 507 2104; x_wconf 76' lang='lat' dir='ltr'>propositi</span> <span class='ocrx_word' id='word_1_97' title='bbox 542 2023 581 2084; x_wconf 89' lang='lat' dir='ltr'>ad</span> <span class='ocrx_word' id='word_1_98' title='bbox 617 2023 750 2085; x_wconf 86' lang='lat' dir='ltr'>alteram</span> <span class='ocrx_word' id='word_1_99' title='bbox 784 2023 1011 2100; x_wconf 80' lang='lat' dir='ltr'>transvolandi‚</span> <span class='ocrx_word' id='word_1_100' title='bbox 1048 2045 1119 2086; x_wconf 84' lang='lat' dir='ltr'>eum</span> <span class='ocrx_word' id='word_1_101' title='bbox 1143 2024 1198 2086; x_wconf 89' lang='lat' dir='ltr'>illa</span> 
     </span>
     <span class='ocr_line' id='line_1_15' title="bbox 139 2146 1198 2231; baseline 0.002 -23"><span class='ocrx_word' id='word_1_102' title='bbox 139 2146 241 2208; x_wconf 82' lang='lat' dir='ltr'>forma</span> <span class='ocrx_word' id='word_1_103' title='bbox 264 2146 438 2208; x_wconf 84' lang='lat' dir='ltr'>orationem</span> <span class='ocrx_word' id='word_1_104' title='bbox 456 2150 547 2208; x_wconf 84' lang='lat' dir='ltr'>extra</span> <span class='ocrx_word' id='word_1_105' title='bbox 562 2146 640 2208; x_wconf 90' lang='lat' dir='ltr'>fines</span> <span class='ocrx_word' id='word_1_106' title='bbox 655 2148 868 2229; x_wconf 82' lang='lat' dir='ltr'>terminosque</span> <span class='ocrx_word' id='word_1_107' title='bbox 885 2148 1071 2210; x_wconf 86' lang='lat' dir='ltr'>constitutos</span> <span class='ocrx_word' id='word_1_108' title='bbox 1089 2149 1198 2231; x_wconf 87' lang='lat' dir='ltr'>egredi</span> 
     </span>
     <span class='ocr_line' id='line_1_16' title="bbox 139 2269 1262 2354; baseline 0.003 -23"><span class='ocrx_word' id='word_1_109' title='bbox 139 2292 202 2332; x_wconf 87' lang='lat' dir='ltr'>non</span> <span class='ocrx_word' id='word_1_110' title='bbox 237 2270 330 2332; x_wconf 78' lang='lat' dir='ltr'>facile</span> <span class='ocrx_word' id='word_1_111' title='bbox 367 2269 516 2351; x_wconf 85' lang='lat' dir='ltr'>patiatur.</span> <span class='ocrx_word' id='word_1_112' title='bbox 564 2269 670 2352; x_wconf 83' lang='lat' dir='ltr'>Atque</span> <span class='ocrx_word' id='word_1_113' title='bbox 706 2292 739 2332; x_wconf 88' lang='lat' dir='ltr'>re</span> <span class='ocrx_word' id='word_1_114' title='bbox 764 2291 850 2347; x_wconf 82' lang='lat' dir='ltr'>veru,</span> <span class='ocrx_word' id='word_1_115' title='bbox 878 2272 905 2333; x_wconf 90' lang='lat' dir='ltr'>si</span> <span class='ocrx_word' id='word_1_116' title='bbox 928 2273 1057 2333; x_wconf 84' lang='lat' dir='ltr'>satiram</span> <span class='ocrx_word' id='word_1_117' title='bbox 1082 2293 1198 2334; x_wconf 86' lang='lat' dir='ltr'>nonam</span> <span class='ocrx_word' id='word_1_118' title='bbox 1258 2341 1262 2354; x_wconf 36' lang='grc'>1</span> 
     </span>
     <span class='ocr_line' id='line_1_17' title="bbox 140 2392 1196 2475; baseline 0.005 -22"><span class='ocrx_word' id='word_1_119' title='bbox 140 2393 343 2475; x_wconf 86' lang='lat' dir='ltr'>perlegimus,</span> <span class='ocrx_word' id='word_1_120' title='bbox 385 2392 491 2454; x_wconf 87' lang='lat' dir='ltr'>omnia</span> <span class='ocrx_word' id='word_1_121' title='bbox 526 2392 609 2454; x_wconf 89' lang='lat' dir='ltr'>inter</span> <span class='ocrx_word' id='word_1_122' title='bbox 643 2414 676 2454; x_wconf 90' lang='lat' dir='ltr'>se</span> <span class='ocrx_word' id='word_1_123' title='bbox 712 2396 787 2474; x_wconf 86' lang='lat' dir='ltr'>apta</span> <span class='ocrx_word' id='word_1_124' title='bbox 823 2397 855 2455; x_wconf 90' lang='lat' dir='ltr'>et</span> <span class='ocrx_word' id='word_1_125' title='bbox 889 2393 1008 2456; x_wconf 82' lang='lat' dir='ltr'>conexa</span> <span class='ocrx_word' id='word_1_126' title='bbox 1042 2395 1196 2458; x_wconf 83' lang='lat' dir='ltr'>videmus.</span> 
     </span>
     <span class='ocr_line' id='line_1_18' title="bbox 122 2514 1197 2600; baseline 0.001 -21"><span class='ocrx_word' id='word_1_127' title='bbox 122 2514 214 2579; x_wconf 67' lang='lat' dir='ltr'>Sine</span> <span class='ocrx_word' id='word_1_128' title='bbox 237 2538 335 2592; x_wconf 79' lang='lat' dir='ltr'>mora,</span> <span class='ocrx_word' id='word_1_129' title='bbox 360 2516 427 2578; x_wconf 89' lang='lat' dir='ltr'>sine</span> <span class='ocrx_word' id='word_1_130' title='bbox 450 2516 680 2598; x_wconf 88' lang='lat' dir='ltr'>interruptione</span> <span class='ocrx_word' id='word_1_131' title='bbox 704 2516 805 2580; x_wconf 86' lang='lat' dir='ltr'>oratio</span> <span class='ocrx_word' id='word_1_132' title='bbox 829 2538 867 2579; x_wconf 88' lang='lat' dir='ltr'>ex</span> <span class='ocrx_word' id='word_1_133' title='bbox 891 2539 927 2581; x_wconf 91' lang='lat' dir='ltr'>eo</span> <span class='ocrx_word' id='word_1_134' title='bbox 950 2517 1036 2581; x_wconf 87' lang='lat' dir='ltr'>fonte</span> <span class='ocrx_word' id='word_1_135' title='bbox 1057 2519 1197 2600; x_wconf 87' lang='lat' dir='ltr'>profluit,</span> 
     </span>
     <span class='ocr_line' id='line_1_19' title="bbox 140 2639 1197 2723; baseline 0.004 -20"><span class='ocrx_word' id='word_1_136' title='bbox 140 2641 222 2704; x_wconf 90' lang='lat' dir='ltr'>unde</span> <span class='ocrx_word' id='word_1_137' title='bbox 238 2641 303 2703; x_wconf 86' lang='lat' dir='ltr'>iam</span> <span class='ocrx_word' id='word_1_138' title='bbox 318 2640 351 2703; x_wconf 90' lang='lat' dir='ltr'>in</span> <span class='ocrx_word' id='word_1_139' title='bbox 366 2640 589 2723; x_wconf 68' lang='lat' dir='ltr'>primorem,</span> <span class='ocrx_word' id='word_1_140' title='bbox 607 2641 662 2704; x_wconf 89' lang='lat' dir='ltr'>ubi</span> <span class='ocrx_word' id='word_1_141' title='bbox 679 2641 717 2704; x_wconf 91' lang='lat' dir='ltr'>de</span> <span class='ocrx_word' id='word_1_142' title='bbox 734 2640 866 2704; x_wconf 82' lang='lat' dir='ltr'>tristitia</span> <span class='ocrx_word' id='word_1_143' title='bbox 880 2639 1005 2705; x_wconf 83' lang='lat' dir='ltr'>Naevoli</span> <span class='ocrx_word' id='word_1_144' title='bbox 1021 2664 1123 2707; x_wconf 89' lang='lat' dir='ltr'>sermo</span> <span class='ocrx_word' id='word_1_145' title='bbox 1140 2647 1197 2719; x_wconf 87' lang='lat' dir='ltr'>est,</span> 
     </span>
     <span class='ocr_line' id='line_1_20' title="bbox 139 2765 1196 2849; baseline 0.001 -20"><span class='ocrx_word' id='word_1_146' title='bbox 139 2766 249 2845; x_wconf 91' lang='lat' dir='ltr'>oritur,</span> <span class='ocrx_word' id='word_1_147' title='bbox 285 2770 379 2849; x_wconf 85' lang='lat' dir='ltr'>atque</span> <span class='ocrx_word' id='word_1_148' title='bbox 412 2765 715 2849; x_wconf 83' lang='lat' dir='ltr'>interrogationibus</span> <span class='ocrx_word' id='word_1_149' title='bbox 740 2765 922 2848; x_wconf 86' lang='lat' dir='ltr'>asperisque</span> <span class='ocrx_word' id='word_1_150' title='bbox 946 2765 1070 2829; x_wconf 78' lang='lat' dir='ltr'>facetiis</span> <span class='ocrx_word' id='word_1_151' title='bbox 1094 2771 1196 2849; x_wconf 85' lang='lat' dir='ltr'>poetae</span> 
     </span>
     <span class='ocr_line' id='line_1_21' title="bbox 139 2889 1198 2974; baseline 0.001 -21"><span class='ocrx_word' id='word_1_152' title='bbox 139 2895 231 2955; x_wconf 85' lang='lat' dir='ltr'>aneta</span> <span class='ocrx_word' id='word_1_153' title='bbox 266 2896 297 2954; x_wconf 88' lang='lat' dir='ltr'>et</span> <span class='ocrx_word' id='word_1_154' title='bbox 321 2891 453 2954; x_wconf 82' lang='lat' dir='ltr'>incitata</span> <span class='ocrx_word' id='word_1_155' title='bbox 477 2890 597 2953; x_wconf 86' lang='lat' dir='ltr'>animos</span> <span class='ocrx_word' id='word_1_156' title='bbox 621 2911 739 2968; x_wconf 85' lang='lat' dir='ltr'>eorum,</span> <span class='ocrx_word' id='word_1_157' title='bbox 763 2890 818 2973; x_wconf 93' lang='lat' dir='ltr'>qui</span> <span class='ocrx_word' id='word_1_158' title='bbox 841 2889 962 2974; x_wconf 81' lang='lat' dir='ltr'>legunt,</span> <span class='ocrx_word' id='word_1_159' title='bbox 987 2890 1064 2954; x_wconf 85' lang='lat' dir='ltr'>odeo</span> <span class='ocrx_word' id='word_1_160' title='bbox 1088 2891 1198 2956; x_wconf 87' lang='lat' dir='ltr'>devin-</span> 
     </span>
    </p>
   </div>
   <div class='ocr_carea' id='block_1_3' title="bbox 140 3014 1270 3094">
    <p class='ocr_par' dir='ltr' id='par_1_3' title="bbox 140 3014 1270 3094">
     <span class='ocr_line' id='line_1_22' title="bbox 140 3014 1270 3094; baseline 0.001 -16"><span class='ocrx_word' id='word_1_161' title='bbox 140 3016 192 3092; x_wconf 81' lang='lat' dir='ltr'>cit,</span> <span class='ocrx_word' id='word_1_162' title='bbox 216 3020 260 3094; x_wconf 79' lang='lat' dir='ltr'>ut,</span> <span class='ocrx_word' id='word_1_163' title='bbox 284 3019 409 3078; x_wconf 86' lang='lat' dir='ltr'>tantum</span> <span class='ocrx_word' id='word_1_164' title='bbox 430 3016 522 3078; x_wconf 91' lang='lat' dir='ltr'>modo</span> <span class='ocrx_word' id='word_1_165' title='bbox 547 3015 586 3077; x_wconf 85' lang='lat' dir='ltr'>ad</span> <span class='ocrx_word' id='word_1_166' title='bbox 610 3014 842 3078; x_wconf 81' lang='lat' dir='ltr'>cavillationem</span> <span class='ocrx_word' id='word_1_167' title='bbox 867 3014 1125 3078; x_wconf 83' lang='lat' dir='ltr'>iucundissimam</span> <span class='ocrx_word' id='word_1_168' title='bbox 1147 3016 1197 3079; x_wconf 92' lang='lat' dir='ltr'>in·</span> <span class='ocrx_word' id='word_1_169' title='bbox 1268 3089 1270 3092; x_wconf 16' lang='lat'><strong><em>¹</em></strong></span> 
     </span>
    </p>
   </div>
   <div class='ocr_carea' id='block_1_4' title="bbox 138 3138 1196 3223">
    <p class='ocr_par' dir='ltr' id='par_1_4' title="bbox 138 3138 1196 3223">
     <span class='ocr_line' id='line_1_23' title="bbox 138 3138 1196 3223; baseline 0.001 -21"><span class='ocrx_word' id='word_1_170' title='bbox 138 3141 228 3218; x_wconf 79' lang='lat' dir='ltr'>tenti,</span> <span class='ocrx_word' id='word_1_171' title='bbox 252 3141 286 3203; x_wconf 91' lang='lat' dir='ltr'>in</span> <span class='ocrx_word' id='word_1_172' title='bbox 308 3141 500 3223; x_wconf 84' lang='lat' dir='ltr'>turpissimis</span> <span class='ocrx_word' id='word_1_173' title='bbox 523 3141 617 3202; x_wconf 88' lang='lat' dir='ltr'>rebus</span> <span class='ocrx_word' id='word_1_174' title='bbox 641 3160 673 3201; x_wconf 86' lang='lat' dir='ltr'>se</span> <span class='ocrx_word' id='word_1_175' title='bbox 697 3138 817 3201; x_wconf 85' lang='lat' dir='ltr'>versari</span> <span class='ocrx_word' id='word_1_176' title='bbox 840 3138 935 3220; x_wconf 88' lang='lat' dir='ltr'>plane</span> <span class='ocrx_word' id='word_1_177' title='bbox 960 3139 1196 3204; x_wconf 81' lang='lat' dir='ltr'>obliviscantur.</span> 
     </span>
    </p>
   </div>
   <div class='ocr_carea' id='block_1_5' title="bbox 138 3261 1197 3345">
    <p class='ocr_par' dir='ltr' id='par_1_5' title="bbox 138 3261 1197 3345">
     <span class='ocr_line' id='line_1_24' title="bbox 138 3261 1197 3345; baseline -0.002 -17"><span class='ocrx_word' id='word_1_178' title='bbox 138 3264 218 3328; x_wconf 83' lang='lat' dir='ltr'>Haee</span> <span class='ocrx_word' id='word_1_179' title='bbox 254 3268 301 3327; x_wconf 88' lang='lat' dir='ltr'>est</span> <span class='ocrx_word' id='word_1_180' title='bbox 335 3288 410 3328; x_wconf 86' lang='lat' dir='ltr'>vera</span> <span class='ocrx_word' id='word_1_181' title='bbox 445 3265 500 3328; x_wconf 85' lang='lat' dir='ltr'>illa</span> <span class='ocrx_word' id='word_1_182' title='bbox 535 3261 741 3327; x_wconf 84' lang='lat' dir='ltr'>Iuvenaliana</span> <span class='ocrx_word' id='word_1_183' title='bbox 767 3263 815 3326; x_wconf 82' lang='lat' dir='ltr'>vis</span> <span class='ocrx_word' id='word_1_184' title='bbox 840 3266 871 3326; x_wconf 89' lang='lat' dir='ltr'>et</span> <span class='ocrx_word' id='word_1_185' title='bbox 893 3264 1004 3341; x_wconf 84' lang='lat' dir='ltr'>virtus,</span> <span class='ocrx_word' id='word_1_186' title='bbox 1029 3285 1098 3345; x_wconf 89' lang='lat' dir='ltr'>quae</span> <span class='ocrx_word' id='word_1_187' title='bbox 1122 3286 1197 3326; x_wconf 90' lang='lat' dir='ltr'>nus-</span> 
     </span>
    </p>
   </div>
   <div class='ocr_carea' id='block_1_6' title="bbox 46 3384 1196 3472">
    <p class='ocr_par' dir='ltr' id='par_1_6' title="bbox 46 3384 1196 3472">
     <span class='ocr_line' id='line_1_25' title="bbox 46 3384 1196 3472; baseline -0.002 -19"><span class='ocrx_word' id='word_1_188' title='bbox 46 3456 48 3462; x_wconf 74' lang='grc'>,</span> <span class='ocrx_word' id='word_1_189' title='bbox 139 3384 234 3472; x_wconf 86' lang='lat' dir='ltr'>quani</span> <span class='ocrx_word' id='word_1_190' title='bbox 258 3388 373 3453; x_wconf 83' lang='lat' dir='ltr'>clarior</span> <span class='ocrx_word' id='word_1_191' title='bbox 397 3390 499 3451; x_wconf 84' lang='lat' dir='ltr'>elucet</span> <span class='ocrx_word' id='word_1_192' title='bbox 522 3410 615 3471; x_wconf 86' lang='lat' dir='ltr'>quam</span> <span class='ocrx_word' id='word_1_193' title='bbox 640 3388 696 3452; x_wconf 88' lang='lat' dir='ltr'>ubi</span> <span class='ocrx_word' id='word_1_194' title='bbox 718 3390 909 3470; x_wconf 88' lang='lat' dir='ltr'>potestatem</span> <span class='ocrx_word' id='word_1_195' title='bbox 932 3391 1025 3469; x_wconf 91' lang='lat' dir='ltr'>turpe</span> <span class='ocrx_word' id='word_1_196' title='bbox 1051 3389 1082 3449; x_wconf 90' lang='lat' dir='ltr'>et</span> <span class='ocrx_word' id='word_1_197' title='bbox 1105 3386 1196 3451; x_wconf 86' lang='lat' dir='ltr'>inho·</span> 
     </span>
    </p>
   </div>
   <div class='ocr_carea' id='block_1_7' title="bbox 138 3510 1197 3577">
    <p class='ocr_par' dir='ltr' id='par_1_7' title="bbox 138 3510 1197 3577">
     <span class='ocr_line' id='line_1_26' title="bbox 138 3510 1197 3577; baseline -0.001 0"><span class='ocrx_word' id='word_1_198' title='bbox 138 3518 263 3577; x_wconf 88' lang='lat' dir='ltr'>nestum</span> <span class='ocrx_word' id='word_1_199' title='bbox 286 3513 431 3577; x_wconf 90' lang='lat' dir='ltr'>irrisione</span> <span class='ocrx_word' id='word_1_200' title='bbox 455 3512 607 3576; x_wconf 89' lang='lat' dir='ltr'>obruendi</span> <span class='ocrx_word' id='word_1_201' title='bbox 630 3515 741 3575; x_wconf 82' lang='lat' dir='ltr'>nactus</span> <span class='ocrx_word' id='word_1_202' title='bbox 765 3512 817 3575; x_wconf 91' lang='lat' dir='ltr'>sit.</span> <span class='ocrx_word' id='word_1_203' title='bbox 863 3510 925 3575; x_wconf 83' lang='lat' dir='ltr'>Sed</span> <span class='ocrx_word' id='word_1_204' title='bbox 948 3510 1017 3574; x_wconf 84' lang='lat' dir='ltr'>haeo</span> <span class='ocrx_word' id='word_1_205' title='bbox 1040 3511 1197 3576; x_wconf 82' lang='lat' dir='ltr'>universe.</span> 
     </span>
    </p>
   </div>
   <div class='ocr_carea' id='block_1_8' title="bbox 139 3635 917 3721">
    <p class='ocr_par' dir='ltr' id='par_1_8' title="bbox 139 3635 917 3721">
     <span class='ocr_line' id='line_1_27' title="bbox 139 3635 917 3721; baseline -0.003 -19"><span class='ocrx_word' id='word_1_206' title='bbox 139 3639 321 3702; x_wconf 84' lang='lat' dir='ltr'>Transimus</span> <span class='ocrx_word' id='word_1_207' title='bbox 346 3637 385 3700; x_wconf 89' lang='lat' dir='ltr'>ad</span> <span class='ocrx_word' id='word_1_208' title='bbox 409 3636 550 3721; x_wconf 85' lang='lat' dir='ltr'>singulos</span> <span class='ocrx_word' id='word_1_209' title='bbox 574 3635 659 3700; x_wconf 82' lang='lat' dir='ltr'>locos</span> <span class='ocrx_word' id='word_1_210' title='bbox 684 3636 917 3700; x_wconf 84' lang='lat' dir='ltr'>examinandos.</span> 
     </span>
    </p>
   </div>
   <div class='ocr_carea' id='block_1_9' title="bbox 138 3882 1197 4039">
    <p class='ocr_par' dir='ltr' id='par_1_9' title="bbox 138 3882 1197 4039">
     <span class='ocr_line' id='line_1_28' title="bbox 247 3882 1197 3954; baseline -0.006 -13"><span class='ocrx_word' id='word_1_211' title='bbox 247 3885 267 3954; x_wconf 80' lang='lat'>¹)</span> <span class='ocrx_word' id='word_1_212' title='bbox 287 3888 311 3941; x_wconf 89' lang='lat' dir='ltr'>J.</span> <span class='ocrx_word' id='word_1_213' title='bbox 331 3887 465 3940; x_wconf 72' lang='lat' dir='ltr'>Girumu:</span> <span class='ocrx_word' id='word_1_214' title='bbox 484 3886 525 3940; x_wconf 89' lang='lat' dir='ltr'>De</span> <span class='ocrx_word' id='word_1_215' title='bbox 544 3884 701 3954; x_wconf 87' lang='lat' dir='ltr'>argumenti</span> <span class='ocrx_word' id='word_1_216' title='bbox 721 3883 903 3953; x_wconf 86' lang='lat' dir='ltr'>dispositione</span> <span class='ocrx_word' id='word_1_217' title='bbox 921 3883 951 3936; x_wconf 90' lang='lat' dir='ltr'>in</span> <span class='ocrx_word' id='word_1_218' title='bbox 970 3882 1064 3937; x_wconf 84' lang='lat' dir='ltr'>satiris</span> <span class='ocrx_word' id='word_1_219' title='bbox 1082 3883 1197 3938; x_wconf 90' lang='lat' dir='ltr'>I—VIH</span> 
     </span>
     <span class='ocr_line' id='line_1_29' title="bbox 138 3975 504 4039; baseline -0.003 -11"><span class='ocrx_word' id='word_1_220' title='bbox 138 3975 285 4039; x_wconf 83' lang='lat' dir='ltr'>luvenalis,</span> <span class='ocrx_word' id='word_1_221' title='bbox 305 3976 408 4029; x_wconf 87' lang='lat' dir='ltr'>Lundae</span> <span class='ocrx_word' id='word_1_222' title='bbox 429 3975 504 4029; x_wconf 70' lang='lat'>1886.</span> 
     </span>
    </p>
   </div>
   <div class='ocr_carea' id='block_1_10' title="bbox 0 0 1418 4612">
    <p class='ocr_par' dir='ltr' id='par_1_10' title="bbox 0 0 1418 4612">
     <span class='ocr_line' id='line_1_30' title="bbox 0 0 1418 4612; baseline 0 0"><span class='ocrx_word' id='word_1_223' title='bbox 0 0 1418 4612; x_wconf 95' lang='lat' dir='ltr'> </span> 
     </span>
    </p>
   </div>
  </div>
 </body>
</html>
