2828 4612
615 288 784 351 -66-

171 467 307 544 deficiet,
331 467 392 529 nisi
416 467 542 530 modum
563 487 689 528 servare
706 465 923 530 meminerint:
948 471 1016 529 tum
1031 467 1116 531 idem
1133 470 1232 551 atque

173 594 286 656 ceteris
311 594 414 656 exitus
437 593 476 656 iis
500 614 625 675 quoqne
647 594 800 655 venturus
823 595 880 654 est.

278 716 390 800 Neque
426 719 452 780 si
476 738 653 780 sermonem
684 717 899 779 examinamus
923 738 991 779 esse
1015 717 1150 796 videtur,
1175 731 1255 781 cur'

172 842 229 905 hos
267 864 376 906 versus
415 839 564 905 Iuvenale
603 841 750 924 indignos
785 840 972 904 iudicemus
1027 841 1123 905 Uerta
1157 847 1239 906 sunt

173 967 300 1043 indicia,
337 950 500 1049 equibus
524 970 666 1048 apparet.
691 961 845 1050 magnam
864 966 948 1029 inter
970 965 1028 1029 hos
1052 971 1084 1029 et
1108 971 1237 1031 ceteros

175 1117 193 1156 a
227 1090 374 1156 Iuvenale
410 1093 509 1154 factos
541 1091 736 1154 intercedere
760 1090 1010 1155 similitudinem.
1057 1090 1233 1155 Rhetorica

127 1220 133 1233 '
174 1218 277 1280 forma
315 1238 398 1298 saepe
438 1216 617 1292 adhibetur,
656 1219 826 1278 occurrunt
863 1216 1130 1300 interrogationes
1164 1216 1235 1280 eius

175 1344 311 1427 generis
336 1343 423 1405 cuius
448 1341 547 1406 multa
571 1340 641 1403 aliis
665 1340 742 1402 locis
766 1340 912 1422 exempla
934 1340 1126 1422 reperimus3
1160 1362 1239 1404 sen-

174 1468 282 1530 tentiae
318 1466 452 1530 orationi
488 1466 599 1528 crebro
632 1465 854 1541 admiscentur,
879 1465 1081 1528 transitiones
1105 1487 1170 1528 non
1193 1465 1235 1528 iis

176 1593 317 1674 dispares
351 1594 433 1667 sunt,
469 1612 547 1672 quas
582 1592 676 1651 antea
710 1589 887 1652 habuimus
934 1587 1002 1651 Iam
1037 1589 1070 1651 in
1105 1590 1236 1653 exordio

104 1728 106 1732 '
175 1716 230 1778 illa
266 1714 453 1778 exclamatio
486 1714 643 1776 rhetorica
679 1717 735 1790 est,
772 1736 790 1775 a
824 1714 939 1787 verbio,
965 1735 1034 1795 quae
1059 1716 1133 1776 sunt
1156 1714 1233 1796 quid

177 1840 271 1916 enim,
306 1839 471 1921 incipiens,
507 1860 576 1921 quae
609 1843 673 1900 tam
709 1837 825 1900 usitata
860 1835 943 1920 apud
967 1835 1150 1901 iuvenalem
1175 1842 1238 1902 est.

175 1962 216 2027 V.
242 1965 260 2027 5
285 1965 416 2026 verbum
440 1963 565 2024 finitum
588 1962 753 2025 omittitur.
801 1962 865 2025 Otr.
890 1961 958 2025 haec
983 1962 1145 2045 exempla:

372 2206 374 2209 ⁸
724 2137 821 2194 verius
845 2156 915 2212 ergo

328 2248 358 2302 et
380 2243 474 2319 magis
498 2244 623 2319 ingenue
648 2243 830 2301 Peribomius
870 2243 922 2313 (ΙΙ.
949 2242 1089 2313 15--16)

432 2387 485 2444 fios
509 2386 587 2444 Asiae
611 2390 679 2442 ante
703 2380 800 2459 ipsum
841 2383 889 2455 (V.
917 2383 968 2455 56)

434 2528 531 2586 omnia
554 2546 648 2602 graece
748 2519 814 2600 (VI.
841 2526 915 2598 187)

180 2674 217 2743 di,
235 2672 379 2730 maiorum
396 2670 509 2727 umbris
525 2652 644 2726 tenuem
661 2674 691 2726 et
706 2669 766 2726 sine
783 2669 912 2744 pondere
927 2674 1037 2726 terram
1062 2669 1142 2740 (VII.
1159 2670 1241 2742 207)
1279 2712 1287 2729 .

716 2811 745 2868 hi
769 2829 916 2869 sermones

337 2922 409 2976 tunc
433 2919 467 2975 de
491 2917 596 2975 Seiano
809 2917 857 2987 (X.
884 2916 1026 2987 88—89)

285 3081 348 3137 haec
371 3077 414 3135 illi
437 3081 550 3136 veteres
573 3081 721 3152 praecepta
744 3078 908 3135 minoribus
947 3077 1040 3148 (XIV.
1068 3077 1142 3148 189)

181 3242 380 3306 Transitione
405 3264 474 3324 quse
500 3246 547 3304 est
570 3265 599 3304 v.
624 3244 660 3305 9:

451 3418 560 3474 inultos
584 3435 672 3492 porro
696 3416 786 3486 vides
812 3435 885 3490 quos
909 3420 964 3474 cet.

180 3602 270 3644 novoe
295 3581 328 3641 in
351 3601 488 3642 scaenam
511 3579 702 3641 inducuntur
724 3601 874 3660 personae.
916 3579 958 3642 Hi
982 3579 1125 3643 homines
1149 3602 1182 3644 se
1204 3583 1246 3647 inv

182 3708 371 3788 potestatem
405 3704 592 3766 lanistarum
625 3703 764 3765 nondum
799 3704 962 3782 dederunt,
998 3706 1053 3768 sed
1088 3707 1240 3787 quoniam

181 3829 339 3892 luxuriose
374 3828 493 3904 vivunt,
529 3849 603 3909 opes
638 3828 670 3890 in
705 3828 771 3890 dies
806 3827 995 3912 infringunt,
1031 3851 1092 3911 quo
1127 3830 1174 3907 fit,
1203 3835 1247 3894 ut,

183 3957 341 4037 postremo
375 3952 493 4015 nullam
529 3952 589 4014 nisi
623 3953 656 4014 in
691 3951 912 4015 sordidissimis
947 3953 1067 4016 artibus
1101 3953 1247 4019 salutem
