2828 4612
619 300 792 362 ..34-

171 480 368 561 captatorem
402 498 465 540 non
500 497 579 554 esse,
615 497 717 559 neque
752 475 881 539 omnino
915 495 984 537 esse
1018 492 1124 555 posse,
1163 490 1233 533 cum

171 602 316 667 Catullus
354 605 419 665 tres
453 622 568 683 parvos
602 598 736 664 heredes
771 599 835 662 iam
869 597 997 663 habeat.
1042 594 1107 659 Pro
1134 593 1234 657 amico

171 729 237 791 tam
261 726 363 789 sterili
385 748 424 788 ne
441 724 634 788 coturnicem
650 725 778 808 quidem
794 722 951 786 immolari
967 721 1080 785 solere.
1115 717 1235 794 Quodsi

172 851 243 915 orbi
279 848 398 914 Gallita
428 852 460 913 et
484 847 597 913 Pacius
622 849 739 912 sentire
763 848 901 911 calorem
924 845 1099 928 coeperint,
1125 846 1235 926 capta·

172 977 259 1038 tores
284 996 392 1037 eorum
415 973 559 1057 protinus
583 973 694 1036 caelum
712 995 748 1036 ac
765 978 866 1036 terras
883 972 1026 1048 miscere,
1043 972 1080 1031 ut
1095 967 1236 1033 studium

173 1119 375 1181 amoremque
410 1119 502 1160 suum
538 1119 615 1180 erga
639 1118 691 1159 eos
715 1118 810 1179 quam
834 1095 1034 1179 apertissime
1057 1093 1234 1165 ostentent3

172 1225 242 1286 tum
266 1220 336 1285 illos
356 1225 535 1304 captatores
552 1222 652 1304 queri,
669 1221 752 1303 quod
767 1221 801 1283 in
817 1218 911 1283 Italia
928 1217 1091 1302 elephanti
1107 1216 1236 1281 venales

120 1358 123 1365 '
173 1368 235 1409 non
269 1341 342 1422 sint,
366 1345 469 1408 nullos
493 1348 636 1428 sumptus
660 1345 773 1408 nimios
797 1347 921 1428 putare,
946 1344 1020 1406 dum
1043 1342 1140 1406 modo
1163 1341 1235 1405 talis

173 1469 268 1534 belua
303 1472 375 1533 aute
410 1469 492 1533 lares
522 1469 629 1532 divitis
653 1469 778 1552 patroni
802 1468 905 1545 cadat,
930 1467 1131 1551 quinetiam
1156 1487 1234 1540 esse,

173 1594 228 1678 qui
252 1616 313 1659 non
337 1595 428 1657 modo
451 1595 549 1657 servis
573 1595 637 1657 suis
662 1593 892 1656 verumetiam
916 1593 989 1656 filiae
1014 1592 1112 1655 vittas
1135 1590 1236 1673 impo-

174 1722 263 1796 nant,
304 1721 338 1781 ut
374 1718 463 1800 qumi
500 1718 600 1781 altera
635 1715 805 1802 Iphigenia
840 1716 1031 1780 immoletur.
1091 1709 1237 1798 (instiget

175 1846 270 1926 poeta
307 1842 532 1905 iucundissima
567 1841 711 1904 irrisione
746 1842 812 1904 eius
840 1841 924 1904 modi
948 1841 1111 1904 hominum
1134 1859 1237 1903 mores

175 1967 342 2050 probrosos
377 1969 408 2029 et
442 1965 513 2027 linit
545 1964 675 2027 satiram
699 1965 813 2028 additis
837 1955 957 2048 aliquot
979 1965 1097 2043 verbis
1122 1964 1237 2047 quibus

175 2093 275 2175 optat,
299 2093 334 2154 ut
357 2090 411 2152 isti
434 2093 614 2173 captatores
639 2090 692 2152 diu
716 2090 834 2165 vivant,
860 2112 972 2153 aurum
995 2088 1162 2152 cumulent
1184 2087 1237 2151 sed

175 2216 216 2278 ab
239 2214 384 2278 omnibus
407 2213 587 2276 hominibus
611 2214 825 2295 despiciantur
850 2218 911 2290 (vv.
937 2214 1115 2288 93-130).

282 2337 414 2401 Dulcior
444 2344 485 2415 (v.
513 2337 544 2418 1)
569 2341 642 2420 apte
666 2337 796 2420 ponitur
820 2337 858 2399 ed
883 2337 1135 2419 exprimendum,
1163 2334 1238 2418 quid

175 2467 270 2547 poeta
302 2462 446 2537 senserit,
472 2483 542 2525 cum
568 2462 606 2523 ml
630 2460 712 2522 hauc
736 2460 876 2537 satiram,
901 2461 941 2523 ab
966 2460 1068 2523 amico
1094 2461 1135 2523 ad
1160 2459 1240 2523 ami·

177 2609 249 2650 rium
273 2586 311 2648 (le
337 2586 493 2648 uornmnni
518 2585 619 2647 aulico
644 2585 781 2662 missam,
806 2583 1055 2666 componendam
1080 2584 1241 2668 aggrede-

176 2715 274 2773 retur.
322 2708 424 2771 Multo
448 2709 560 2771 melius
585 2711 632 2769 est
656 2729 749 2788 quum
774 2709 857 2790 quod
880 2708 1045 2789 proposuit
1063 2707 1243 2790 Rupertius

177 2834 281 2897 carior
315 2833 335 2895 l.
372 2832 495 2909 clarior,
531 2820 586 2894 aut
620 2831 703 2913 quod
726 2832 758 2894 in
786 2833 892 2895 codice
916 2833 1054 2914 quodam
1079 2856 1098 2895 a
1123 2831 1244 2897 Gasteo

178 2956 343 3039 recognito
361 2956 394 3035 ¹),
419 2956 579 3019 invenitur
602 2954 774 3037 pulchrior.

285 3080 488 3143 Circuitionis
512 3080 692 3163 exemplum
717 3081 765 3141 est
787 3102 816 3142 v.
842 3081 872 3154 4,
898 3103 915 3141 a
940 3101 1058 3163 genere
1078 3081 1249 3146 scribendi

178 3202 339 3268 Iuvenalis
355 3226 418 3265 non
436 3204 584 3281 alienum,
601 3203 683 3286 quod
700 3225 795 3285 supra
813 3203 1105 3268 animadvertimus,
1143 3204 1249 3280 Quat-

177 3328 353 3393 tumulecim
390 3327 535 3410 exemplu
570 3350 586 3390 e
621 3327 778 3409 prioribus
813 3327 918 3390 satiris
942 3331 1070 3410 sumpta
1094 3330 1251 3394 adnotari

178 3456 318 3536 possunt,
344 3452 474 3514 totidem
498 3452 565 3513 fere
590 3472 606 3513 e
631 3450 870 3533 posterioribus,

286 3575 480 3639 l‘articulmu
514 3574 569 3637 seul
603 3574 644 3654 (v.
671 3575 704 3654 5)
732 3574 938 3638 Heinriohius
962 3577 1006 3638 ito
1030 3574 1189 3659 explicat,
1217 3585 1254 3643 ut

178 3700 313 3764 uitulum
349 3700 410 3761 ium
446 3702 593 3781 paratum
619 3720 696 3769 esse,
730 3720 830 3782 ugnos
852 3721 913 3762 non
937 3701 1025 3775 item,
1057 3703 1253 3783 confirmet3

289 3875 308 3927 ¹t
329 3877 361 3928 A.
381 3876 485 3929 Greia:
515 3873 603 3927 Notus
629 3872 761 3939 critiques
780 3890 826 3925 sur
844 3892 880 3926 nn
899 3875 1053 3928 manuscrit
1073 3876 1108 3930 de
1128 3879 1257 3934 Iurenal

179 3970 231 4021 cet.
250 3965 341 4019 Exstr.
362 3964 388 4016 d.
408 3963 529 4016 Annales
548 3963 574 4015 il.
594 3962 613 4015 l.
634 3962 695 4014 Fac.
714 3961 740 4012 d.
761 3961 857 4015 lettres
875 3962 1151 4019 d.Bor‹leauxll.3.
1168 3969 1257 4024 1880.
