2828 4612
616 312 789 376 ,38-

130 572 136 587 ¹
171 490 289 553 richi'us
325 491 494 573 distinguit
527 491 611 553 inter
646 492 751 553 cetera
786 492 818 552 et
848 488 1053 573 naufragium
1077 492 1110 551 at
1134 508 1233 551 unum

171 616 264 679 alteri
298 617 434 706 quodam
458 615 550 678 modo
574 615 716 697 opponit,
741 615 989 697 quamobrem
1014 612 1109 676 aliter
1132 612 1235 677 inter·
1273 666 1276 673 .

171 741 296 824 pungit,
327 740 382 803 sed
406 741 563 802 sententia
586 740 653 812 eius
676 740 810 803 obscura
834 742 890 803 est.
938 736 1139 802 Constructio
1162 746 1237 801 v'er-

173 867 280 928 borum
318 887 336 927 a
363 864 527 948 Madvigio
551 864 710 946 explicata
734 867 791 942 est,
815 885 917 946 neque
941 866 1049 926 tamen
1072 863 1101 925 is
1124 880 1236 925 omncs

172 989 374 1053 difficultates
409 989 519 1053 tollere
555 992 668 1072 potest.
715 988 873 1052 Iuvenalis
900 989 998 1053 rerba
1021 988 1066 1051 sic
1091 987 1235 1071 accipio:

172 1114 245 1178 audi
270 1113 356 1176 aliud
379 1136 478 1198 genus
503 1115 693 1179 discriminis
717 1114 751 1193 (i.
777 1136 804 1177 e.
828 1114 1015 1196 periculum,
1031 1134 1071 1176 ne
1089 1111 1237 1177 Catullus

172 1238 205 1301 in
240 1239 320 1301 mari
355 1238 532 1322 mergatur)
568 1243 600 1301 et
634 1239 793 1316 miserere,
823 1258 1015 1321 quamquam
1038 1238 1104 1301 sint
1126 1238 1236 1301 cetera

173 1362 206 1439 (i.
243 1386 269 1426 e.
305 1362 384 1439 haec,
420 1385 490 1455 quae
525 1385 608 1426 nunc
643 1367 828 1426 narraturus
863 1362 945 1443 sum)
974 1361 1117 1425 eiusdem
1141 1360 1235 1424 sortis

172 1487 358 1571 (naufragii)
383 1509 457 1570 pars
480 1487 588 1550 nmltis
612 1487 716 1551 nautis
741 1487 878 1570 cognita,
903 1487 958 1549 sed
981 1489 1089 1549 tamen
1113 1484 1236 1548 diruet

172 1612 213 1675 ob
238 1634 308 1674 eam
332 1633 460 1675 oausam
484 1613 582 1696 digna
605 1613 693 1676 errius
717 1616 748 1675 te
773 1613 931 1675 misereat.

278 1735 461 1819 Descriptio
484 1738 683 1819 tempestatis
707 1738 802 1800 finem
826 1759 888 1800 non
911 1735 1009 1799 habet
1029 1759 1058 1798 v.
1077 1735 1131 1811 24,
1149 1733 1233 1817 quod

125 1838 132 1853 ¹
172 1859 394 1943 Bergmueller
430 1863 591 1924 contendit
610 1861 642 1942 ¹).
682 1861 764 1925 Mihi
787 1861 914 1944 quidem
939 1881 1037 1943 usque
1061 1859 1102 1922 ad
1125 1882 1155 1923 v.
1181 1860 1236 1936 83,

173 1984 225 2049 vel
247 1985 360 2048 saltem
388 1987 427 2071 ad
451 2009 479 2049 v.
506 1987 557 2064 62,
582 1987 759 2049 continuari
783 1986 918 2062 videtur,
942 1982 1234 2068 quoniamomnia,

174 2131 244 2192 quae
279 2109 340 2173 hoc
375 2111 444 2175 loco
479 2114 676 2189 enarrantur,
712 2112 752 2175 ad
786 2111 947 2193 naufragii
982 2109 1126 2192 pericula
1150 2109 1235 2172 refe·

173 2240 295 2300 runtur.
352 2233 464 2319 Neque
504 2236 588 2299 enim
623 2237 814 2300 credendum
849 2239 906 2312 est,
942 2233 1126 2299 Iuvenalem
1162 2234 1234 2298 illos

173 2383 286 2424 versus
307 2363 437 2424 22-24
461 2366 584 2439 tantum
609 2363 646 2424 de
664 2361 796 2424 fulmine
813 2361 964 2442 posuisse,
981 2360 1101 2424 nonde
1119 2359 1239 2422 ceteris

175 2485 335 2568 periculis,
353 2507 423 2568 quae
440 2486 474 2548 iu
485 2486 653 2569 naufragio
666 2486 798 2569 cogitari
811 2488 942 2567 possunt
954 2505 1087 2567 quaeque
1101 2506 1121 2546 a
1132 2482 1240 2566 poetis

173 2632 236 2674 non
258 2610 362 2673 minus
386 2632 479 2692 quam
506 2612 609 2673 densae
633 2610 697 2673 illae
721 2611 862 2672 tenebrae
887 2608 1066 2671 enumerari
1090 2609 1207 2672 solent.

251 2736 253 2743 '
281 2732 417 2797 Satiram
453 2735 668 2797 duodecimam
703 2735 843 2797 obscuris
875 2733 1041 2796 sententiis
1065 2733 1243 2816 verbisque

175 2858 356 2922 difficilibus
379 2859 533 2938 laborare,
558 2859 695 2921 maxime
719 2858 750 2920 in
776 2881 813 2921 ea
827 2862 930 2940 parte,
947 2879 1017 2940 quae
1033 2879 1084 2919 vv.
1103 2858 1243 2921 18—82

176 2983 364 3060 continetur,
389 3005 483 3066 supra
508 2984 654 3046 diximus
690 2981 751 3046 Vv.
776 2984 816 3045 30
834 3005 901 3065 sqq.
919 3004 1035 3045 novum
1052 2982 1246 3064 exemplum

175 3111 232 3171 est.
280 3106 410 3171 Iahnius
433 3109 529 3192 legit:

297 3301 363 3341 curn
387 3284 490 3357 plenus
513 3283 607 3350 fluctu
631 3282 743 3340 medius
766 3283 843 3340 foret
867 3283 968 3338 alveus
991 3285 1021 3338 et
1042 3280 1114 3366 iam,

297 3391 444 3447 alternum
468 3389 574 3465 puppis
597 3390 676 3446 latus
701 3389 901 3446 evertentibus
925 3387 1011 3444 undis

297 3497 315 3566 †
340 3496 453 3555 arboris
478 3497 585 3554 incerte
610 3497 721 3552 nullam
744 3494 903 3570 prudentia
927 3498 982 3552 cet.

176 3657 287 3722 Lectio
323 3664 470 3739 corrupta
504 3660 564 3720 est:
600 3657 718 3720 nemini
754 3656 856 3720 adhuc
892 3657 1036 3741 contigit,
1066 3661 1103 3721 ut
1127 3681 1252 3726 veram

175 3782 367 3845 restitueret.
414 3780 636 3844 Lachmannus
659 3781 823 3864 proposuit
846 3781 951 3844 arbori
974 3781 1115 3862 incertae,
1142 3805 1250 3866 quam

174 3926 243 3933 ——-

287 3992 305 4061 ¹)
325 3994 505 4047 Banansaaaa
524 3992 542 4045 l.
561 3993 579 4046 l.
598 4011 625 4061 p.
645 3993 687 4046 38.
