2828 4612
619 266 791 329 ..39-

304 470 374 526 ergo
397 468 580 524 supervacua
605 452 657 507 aut
681 450 727 506 vel
750 448 914 523 perniciosa
938 451 1098 522 petuntur:

303 561 425 633 propter
448 575 513 632 quae
538 558 581 614 fas
606 561 650 613 est
673 575 770 632 genua
793 555 923 614 incerate
948 556 1079 614 deorum.

174 722 224 784 Ea
259 721 436 785 emendatio
470 720 531 783 iam
569 742 587 782 a
614 716 727 803 Iongio
750 719 888 782 refutata
912 723 960 781 est
978 719 1012 801 ¹),
1036 718 1091 801 qui
1115 722 1233 796 censet,

177 846 358 909 Iuvenalem
380 866 442 908 non
465 844 524 908 hoe
548 844 616 908 loco
639 845 695 907 sed
718 844 751 906 in
774 844 836 907 fine
860 843 965 906 satirae
990 844 1133 921 suadere,
1157 844 1233 926 quid

175 971 355 1034 hominibus
384 970 597 1052 exoptandum
622 969 673 1032 sit.
720 967 819 1031 Recte
844 967 898 1031 ille
922 968 1060 1051 quidem,
1084 968 1138 1030 sed
1163 991 1232 1031 cum

176 1119 205 1159 v.
241 1096 293 1170 55,
329 1096 424 1158 etiam
460 1094 486 1157 si
523 1094 662 1157 incerate
696 1093 843 1177 legimus
879 1114 950 1155 oum
972 1092 1074 1156 ironia
1097 1093 1234 1175 quadam

175 1221 312 1302 scriptus
345 1220 395 1294 sit,
420 1223 514 1301 poeta
538 1241 574 1282 eo
598 1218 666 1281 loco
690 1240 753 1281 non
778 1241 816 1281 ex
840 1218 943 1280 animo
966 1217 1060 1280 istam
1084 1216 1234 1280 adhorta·

174 1344 292 1407 tionem
329 1343 469 1408 adhibet.
516 1342 598 1406 Mihi
631 1343 760 1426 quidem
795 1342 876 1405 nihil
911 1363 978 1405 esse
1014 1341 1148 1420 videtur,
1180 1363 1235 1405 cur

175 1469 369 1531 infinitivum
392 1469 424 1530 in
448 1467 672 1549 imperativum
696 1471 862 1530 mutemus.

283 1591 459 1656 Buecheler
481 1591 562 1676 legit
577 1590 619 1673 2);

306 1759 375 1815 ergo
399 1759 582 1815 supervacua
607 1744 659 1798 aut
683 1759 749 1814 quae
773 1739 935 1814 perniciosa
958 1743 1123 1814 petuntur?

305 1851 427 1923 propter
450 1866 516 1921 quae
540 1848 585 1904 fos
608 1850 653 1905 est
675 1867 773 1923 genua
797 1847 927 1905 incerare
952 1847 1095 1905 deorum?

176 2009 268 2074 Nihil
292 2011 407 2074 attinet
431 2033 447 2074 e
471 2011 576 2074 verbis
599 2033 629 2073 r.
655 2012 696 2073 54
720 2011 1002 2094 interrogationem
1024 2010 1157 2073 efficere.
1197 2007 1235 2073 In

177 2138 245 2199 eius
281 2136 365 2199 modi
399 2136 565 2198 sententiis
600 2131 759 2198 Iuvenalis
791 2157 838 2213 ea,
863 2157 932 2217 quae
958 2135 1111 2217 exposuit,
1136 2136 1235 2198 inter-

179 2259 344 2342 rogatione
381 2258 649 2340 comprehendere
680 2280 743 2321 uon
767 2259 846 2321 solet
870 2263 963 2340 atque
988 2258 1047 2321 hoo
1070 2281 1145 2322 sane
1168 2260 1236 2324 loco

179 2384 294 2445 mirum
331 2386 413 2446 esset
447 2383 655 2466 interrogare,
691 2404 767 2445 num
796 2382 940 2446 homines
964 2405 1159 2465 supervacua
1183 2388 1236 2446 aut

180 2507 358 2590 perniciosa
392 2509 548 2590 peterent.
595 2503 632 2569 ld
662 2528 715 2570 eos
738 2509 848 2589 petere
872 2529 888 2570 e
913 2507 1070 2589 prioribus
1093 2508 1236 2572 versibus

178 2633 255 2696 satis
280 2635 422 2715 apparet.

285 2754 397 2839 Neque
437 2779 474 2820 ea
513 2757 693 2843 coniectura
727 2757 891 2839 probanda
927 2762 985 2836 est,
1021 2779 1116 2840 quam
1151 2758 1237 2840 capit

179 2881 282 2944 Maior
296 2880 341 2962 3);

308 3039 378 3094 ergo
401 3038 585 3095 supervacua
610 3023 662 3078 out
685 3021 732 3079 rel
755 3021 919 3095 perniciosa
941 3024 1096 3096 putantur,

308 3129 429 3201 propter
453 3145 519 3201 quae
544 3127 587 3184 fas
611 3129 656 3184 est
678 3146 776 3203 genua
800 3127 931 3185 incerare
956 3128 1078 3185 deorum

181 3281 230 3352 Ea
252 3289 350 3352 verba
371 3289 502 3353 tolerari
525 3292 663 3371 possent,
687 3276 717 3353 si
737 3312 766 3353 r.
791 3291 832 3354 55
856 3291 901 3353 sic
925 3290 1130 3354 scriberetur:

291 3499 310 3568 ¹)
330 3501 375 3553 W.
394 3520 428 3552 on
447 3500 541 3553 loson:
570 3500 701 3555 Adnotat.
720 3500 750 3554 in
770 3504 821 3555 sat.
841 3501 873 3554 D.
887 3502 907 3554 I.
921 3501 1069 3565 Iuvenalis,
1089 3501 1238 3571 Groningae

289 3631 295 3643 .
333 3592 357 3645 9.

182 3592 536 3745 l8791)thBucar-aun:
565 3677 748 3733 Coniectanea
778 3677 858 3744 (Mus.
886 3680 973 3735 Rhen.
1002 3679 1117 3732 XXXIV
1146 3678 1238 3748 (1879)

201 3769 242 3820 .3
292 3809 298 3821 .

179 3787 198 3837 p
244 3768 310 3923 55)⁸)
330 3857 350 3909 I.
371 3856 402 3909 Β.
421 3856 531 3910 Maron:
560 3855 618 3909 Iuv.
645 3854 683 3930 Χ.Ι
698 3855 802 3909 54-55
823 3855 948 3922 (Journal
968 3855 1153 3925 osphilology
1165 3858 1239 3911 VIII.

181 3943 273 4011 (1879)
293 3963 319 4013 p.
339 3944 411 4012 272.)
