3062 4808
586 384 824 475 -83-'

140 585 253 668 -24).›
298 584 366 662 Quo
401 587 492 652 modo
526 586 586 650 hoc
621 589 800 654 incendium
837 590 1028 652 exstinctum
1053 577 1113 670 sit,
1137 613 1198 655 non

138 710 216 774 dicit
238 714 350 792 poeta3
375 707 462 774 nu'lla
485 712 623 774 incendii
647 734 722 776 cura
746 718 794 776 est
809 714 843 777 in
858 714 908 792 iis,
925 736 995 797 quae
1013 719 1197 798 sequuntur,

137 835 283 916 quamvis
307 836 346 898 de
369 836 500 919 reliquis
523 836 673 918 periculis
698 817 824 919 copiose
840 838 984 902 disserat.
1025 836 1093 902 Iam
1108 841 1197 903 navis

136 960 232 1042 plena
257 959 356 1023 fluctu
378 961 470 1062 undis
487 983 584 1044 prope
600 962 759 1038 obruitur;
784 965 852 1025 tum
869 964 1063 1046 gubernator
1078 941 1197 1028 merces

136 1086 232 1167 atque.
270 1107 365 1149 onera
399 1086 581 1168 proiciendo
610 1087 730 1169 pacisci
754 1109 825 1150 cum
848 1089 952 1150 ventis
976 1089 1197 1171 coepit-imi-

135 1211 221 1272 tatus
259 1212 390 1286 castora,
420 1211 474 1292 qui
499 1211 612 1273 damno
634 1211 773 1277 testiculi
798 1212 931 1276 evadere
955 1214 1043 1295 cupit
1066 1213 1129 1294 (vr.
1154 1216 1196 1278 24
1232 1267 1234 1272 ,

137 1335 248 1415 -36).
308 1333 431 1422 Catullo
468 1335 538 1416 ipso
575 1334 723 1400 hortante
761 1335 793 1397 in
832 1358 919 1399 mare
954 1337 1197 1420 praecipitantur

136 1458 375 1540 pretiosissimae
401 1461 503 1526 vestes
526 1480 696 1541 purpureae
721 1463 816 1542 atque
838 1460 918 1539 aliae,
943 1443 1075 1544 quaruin
1100 1484 1195 1545 pecus

135 1585 261 1661 natura,
285 1581 406 1646 Baetico
431 1589 503 1646 ae’re
528 1584 647 1660 adiuta,
670 1585 834 1661 infecerat,
851 1607 924 1647 mox
939 1607 1016 1649 vasa
1032 1590 1195 1670 argentea,

136 1707 306 1772 bascaudas
342 1711 374 1770 et
408 1708 495 1770 mille
532 1709 662 1785 escaria,
698 1709 753 1771 sed
777 1709 892 1770 damna
915 1732 977 1772 non
1001 1710 1108 1776 levant
1131 1711 1194 1793 (vv.

116 1831 296 1907 ‘37-53):
332 1829 402 1894 Iam
437 1831 549 1896 salutis
584 1832 671 1894 nulla
696 1853 778 1914 spes
802 1855 869 1895 esse
893 1834 1070 1913 videbatur,
1093 1835 1195 1898 malus

135 1956 235 2040 igitur
270 1957 422 2040 praecisus
459 1960 522 2020 est:
558 1957 617 2021 hoc
652 1957 799 2021 ultimum
832 1958 1014 2042 perfugium
1039 1962 1108 2022 erat
1130 1959 1194 2040 (vv.

136 2083 292 2163 53—61).

160 2233 163 2239 ’
239 2204 368 2270 Interea
402 2228 489 2269 mare
524 2206 731 2288 tranquillum
767 2208 887 2270 factum
922 2211 978 2271 est.
1026 2207 1106 2271 Tam
1128 2209 1195 2272 lata

135 2335 181 2394 est
204 2332 317 2410 oratic,
348 2332 402 2395 ubi
426 2331 495 2394 haec
518 2331 734 2413 tranquillitas
758 2337 1032 2410 commemoratur,
1056 2337 1122 2396 tam
1147 2333 1194 2396 ef-

134 2455 215 2536 fusa,
240 2459 306 2520 tam
331 2456 505 2534 abundans
529 2459 564 2518 ut
584 2455 665 2518 nihil
680 2478 830 2538 umquam
847 2456 948 2518 simile
966 2458 1048 2538 apud
1066 2464 1194 2539 poetam

133 2580 317 2660 viderimus,
352 2582 407 2645 sed
443 2581 480 2644 de
515 2581 574 2644 hoc
608 2581 703 2644 inira.
749 2579 839 2643 Mare
873 2565 980 2642 tutum‘
1011 2584 1068 2659 est,
1103 2583 1193 2646 navis

134 2706 275 2770 vestibus
310 2707 446 2769 extentis
481 2708 514 2768 et
546 2728 609 2768 uno
643 2708 769 2768 tantum
795 2706 865 2769 ¹velo
889 2704 1043 2768 instructa
1067 2726 1193 2770 cursum

135 2830 166 2890 in
201 2827 330 2894 ltaliam
363 2833 452 2894 tenet
482 2835 544 2908 (vv.
570 2830 724 2912 62-69).
771 2829 912 2892 Tandem
936 2851 1025 2892 nicus
1049 2829 1193 2894 Albanus

135 2956 244 3034 procul
279 2955 470 3037 conspicitur
496 2955 648 3038 navisque
671 2955 705 3018 in
729 2923 854 3036 perium
879 2951 1063 3017 Ostiensem
1080 2976 1193 3036 perve-

135 3080 191 3158 nit,
227 3080 316 3143 cuius
351 3080 537 3164 niagnitudo
573 3080 772 3144 describitur.
830 3077 976 3142 Gaudent
1010 3080 1056 3142 ibi
1090 3080 1193 3143 securi

135 3209 239 3268 nautae
262 3205 415 3297 pericula,
439 3226 509 3287 quae
526 3205 650 3287 experti
666 3208 748 3282 sunt,
767 3225 889 3267 coronae
907 3203 1103 3266 audientium
1119 3227 1193 3267 nar-

135 3349 204 3392 rare
231 3333 293 3404 (vv.
319 3331 471 3406 69—82).

240 3451 307 3516 lam
343 3457 439 3536 poeta
472 3475 505 3515 se
541 3454 578 3516 ad
615 3475 729 3535 pueros
761 3453 916 3517 convertit
940 3452 1192 3534 sacrificiumque

135 3579 241 3658 parari
264 3579 365 3642 iubet:
390 3600 423 3640 se
447 3599 536 3640 sacro
559 3577 620 3640 rite
644 3581 781 3660 peracto
798 3578 925 3641 domum
949 3577 1134 3655 rediturum,
1157 3580 1194 3640 ut

135 3699 253 3767 laribus
286 3707 359 3765 tura
394 3703 506 3765 offerat
530 3707 591 3778 (vv.
618 3703 773 3783 83—92).
813 3701 894 3764 Tum
919 3701 1089 3764 Corvinum
1113 3702 1192 3765 allo-

136 3827 242 3905 quitur
264 3832 376 3910 petens
401 3827 440 3890 ab
461 3849 512 3910 eo,
536 3849 575 3889 nc
592 3830 739 3909 suspecta
757 3827 786 3889 ei
801 3825 870 3889 haec
887 3827 991 3889 omnia
1006 3827 1191 3904 videantur;

136 3949 179 4012 sic
202 3953 422 4014 transitionem
447 3952 507 4014 sibi
528 3954 692 4034 comparat
716 3952 754 4013 ad
773 3951 966 4013 mentionem
982 3954 1191 4033 captiuorum,

136 4071 168 4134 in
191 4098 267 4158 quos
290 4098 411 4138 summa
434 4075 578 4139 irrisione
595 4074 628 4138 in
644 4076 705 4138 fine
722 4075 827 4138 satirae
844 4074 1014 4138 invehitur.
1050 4074 1089 4139 Sc
1107 4076 1191 4138 enim
