2828 4612
620 301 793 365 ..90-

174 477 352 555 voluerunt,
388 478 547 542 refellens.
593 477 793 563 Argumenta
828 502 846 541 a
878 476 1023 541 Bentleio
1047 476 1149 541 allata
1172 475 1236 539 sul·

173 603 294 667 ficiunt.

281 727 320 790 V.
338 729 378 790 62
397 728 521 790 molesti
538 727 585 789 illi
601 749 710 790 versus
727 730 910 810 sequuntur,
927 727 982 809 qui
999 725 1095 789 finem
1111 730 1235 809 tempo·

172 853 264 914 statis
293 852 466 915 continent.
514 851 562 914 Ile
597 852 663 914 lata
698 851 968 929 minoratione,
993 852 1031 914 de
1044 850 1235 951 qiterationi-

174 976 243 1054 buS,
268 976 306 1038 de
330 964 524 1039 abundantia
548 976 699 1038 sermonis
719 976 772 1039 vix
789 980 846 1052 est,
864 976 946 1058 qimd
962 975 1055 1058 plura
1072 976 1234 1039 addamus.

173 1099 277 1163 Multa
311 1101 378 1162 siue
407 1100 502 1164 <lubio
525 1100 671 1183 exempla
696 1098 901 1163 luvenaliana
925 1100 1141 1177 inveniuntur,
1164 1121 1233 1185 quae

173 1224 300 1306 copiam
334 1225 493 1307 quandam
528 1226 694 1288 verborum
730 1226 906 1303 ostendant,
939 1228 974 1287 ut
997 1221 1056 1287 III.
1082 1225 1136 1303 26,
1160 1220 1232 1290 VH.

173 1351 226 1426 53,
262 1347 317 1412 IX.
356 1350 407 1426 28,
444 1348 482 1412 X.
520 1351 594 1424 219,
631 1350 663 1411 id
687 1373 771 1425 vero,
797 1351 834 1412 de
858 1372 920 1432 quo
943 1370 1025 1412 nuno
1049 1371 1155 1412 sermo
1179 1352 1233 1427 est,

173 1474 312 1536 omnium
336 1475 473 1556 primum
497 1474 600 1537 locum
624 1474 717 1536 tacile
742 1478 840 1538 tenet.
879 1473 953 1537 Non
970 1475 1113 1556 approbo
1126 1474 1232 1537 conie-

172 1602 306 1676 ctorem,
332 1621 427 1681 quam
445 1600 536 1680 ,cepit
562 1598 780 1674 Haerriokeus3
806 1598 870 1662 dixi
895 1596 1078 1661 Iuvenalem
1095 1599 1133 1662 de
1151 1599 1233 1662 cala·

173 1723 284 1785 mitate
309 1723 402 1785 amici
426 1723 523 1786 iocari
547 1745 608 1785 nou
624 1724 779 1805 potuisse:
805 1722 905 1787 nihilo
921 1724 1025 1786 minus
1043 1723 1159 1786 mirum
1177 1727 1232 1796 est,

174 1851 221 1910 tot
254 1847 401 1928 ineptiae,
436 1851 482 1910 tot
515 1847 660 1910 confusas
684 1870 733 1910 res
758 1848 790 1910 iu
814 1847 897 1910 huno
921 1848 1024 1930 ipsum
1049 1848 1087 1910 de
1112 1851 1234 1930 tempe-

172 1975 256 2034 state
291 1971 393 2083 locum
430 1972 558 2045 cadere;
594 1994 668 2034 nani
703 1977 872 2055 postquam
905 1975 1000 2054 poeta
1035 1972 1093 2034 hos
1125 1993 1233 2035 versus

175 2096 288 2173 finivit,
312 2097 345 2159 id
369 2118 468 2180 genus
493 2095 694 2160 difficultates
716 2119 777 2159 non
795 2097 929 2179 amplius
947 2096 1036 2160 nobis
1054 2099 1233 2159 occurrunt.

173 2219 257 2294 Quin
292 2221 389 2284 etiam
424 2224 495 2305 post
529 2244 579 2285 vv.
617 2223 756 2295 ria-67,
792 2221 824 2283 in
848 2223 962 2303 quibus
986 2217 1147 2284 Iuvenalis
1171 2221 1235 2284 vim

174 2350 340 2410 ventorum
363 2348 525 2410 remittere
550 2368 645 2429 quam
671 2347 869 2428 apertissime
894 2348 993 2423 docet,
1019 2366 1128 2408 rursus
1152 2368 1236 2410 nova

173 2471 344 2553 explicatio
373 2472 476 2535 venit:
514 2473 576 2534 iam
601 2471 820 2533 deficientibus
846 2471 959 2533 austris
984 2476 1025 2547 (v.
1053 2470 1120 2552 69),
1145 2473 1237 2533 ante·

173 2617 269 2677 quam
294 2596 333 2657 ad
349 2596 527 2658 desiderata
543 2595 598 2658 illa
614 2596 712 2658 verba
728 2595 963 2676 perveniamus:
988 2595 1119 2658 tandem
1136 2595 1239 2658 intrat

174 2720 294 2801 positas
319 2722 377 2781 cet.
403 2719 444 2800 (v.
471 2720 536 2800 75).
576 2717 737 2782 Praeterea
760 2741 823 2781 non
848 2720 926 2782 bene
947 2718 1052 2801 posita
1068 2722 1118 2780 est
1134 2721 1239 2802 parti-

173 2844 246 2906 cula
282 2847 377 2926 atque
412 2842 454 2921 (v.
493 2843 547 2924 71)
583 2843 667 2906 inter
702 2844 858 2906 adiectiva
888 2846 999 2927 gratus
1023 2847 1055 2905 et
1078 2845 1240 2923 sublimia

173 2969 256 3050 quod
280 2967 435 3030 Weidner
458 2968 627 3030 defendere
652 2972 793 3045 conatur,
818 2967 1019 3030 Haenickeus
1036 2989 1240 3053 oppugnare,

174 3115 237 3156 non
272 3094 338 3156 sine
375 3093 453 3168 iure,
489 3096 524 3155 ut
559 3091 638 3154 mihi
660 3093 795 3170 videtur,
820 3092 881 3155 nisi
905 3092 986 3155 forte
1010 3096 1112 3156 totum
1138 3116 1168 3157 v.
1198 3097 1239 3158 71

173 3219 265 3302 quasi
289 3219 321 3281 in
345 3218 528 3302 parenthesi
552 3217 713 3280 includere
737 3216 841 3280 liceat.

280 3344 320 3408 V.
357 3345 398 3408 83
432 3347 527 3426 poeta
561 3342 662 3426 igitur
696 3343 735 3405 ad
770 3364 807 3404 ea
840 3343 931 3418 redit,
956 3363 1090 3424 quorum
1114 3343 1181 3406 ianr
1207 3346 1244 3408 in

173 3469 304 3532 exordio
339 3469 444 3531 satirae
480 3468 598 3531 mentio
625 3467 710 3530 facta
734 3469 791 3528 est.
838 3465 883 3528 Hi
906 3488 956 3529 vv.
981 3466 1110 3530 83-92
1137 3467 1245 3550 lepidi

174 3598 248 3656 sunt
271 3615 329 3656 neo
346 3594 412 3656 sine
430 3596 498 3655 arte
515 3592 698 3675 compositi3
725 3613 760 3654 eo
777 3591 944 3674 gratiorea
961 3591 1043 3672 quod
1058 3590 1244 3658 laboriosos

174 3718 246 3781 illos
281 3719 318 3780 de
342 3721 531 3800 tempestate
556 3738 664 3780 versus
688 3716 851 3798 insperata
875 3714 1035 3798 elegantia
1059 3716 1243 3798 excipiunt.

281 3839 319 3904 In
342 3843 454 3904 ultima
477 3842 575 3904 satira
599 3839 661 3922 (vv.
688 3839 854 3920 93-130)
878 3835 1037 3902 Iuvenalis
1054 3843 1244 3922 captatores

174 3973 241 4031 tam
265 3967 417 4050 praeclare
442 3966 563 4045 irridet,
587 3965 694 4028 uthis
717 3965 859 4028 versibus
877 3987 914 4027 ea
929 3965 1022 4048 plane
1040 3972 1244 4048 compenset,
