2828 4612
683 287 855 349 ..30-

344 458 420 534 Quae
452 483 535 524 nunc
560 461 729 544 disputavi,
754 485 791 525 ea
814 485 877 525 non
900 462 947 525 ita
970 463 1131 544 proposita
1154 467 1237 542 sunt,
1263 467 1302 527 ut

238 607 256 648 a
290 607 341 647 me
378 585 552 651 desciscere
587 586 721 664 viderer,
759 608 830 650 cunr
866 590 898 650 et
933 587 971 650 de
995 588 1178 670 aequalitate
1203 592 1234 652 et
1257 590 1298 652 de

238 709 417 772 differentia
452 709 536 772 inter
569 710 690 793 priores
725 711 839 773 satiras
872 715 904 773 et
926 712 1116 793 posteriores
1140 712 1297 795 loquerer.

89 838 93 843 '
187 884 190 889 <
236 833 357 917 Magna
384 834 753 929 estenimdifferentia,
778 835 955 897 sedetiam
977 857 1096 919 magna
1120 837 1300 918 aequalitaS,

237 982 333 1042 quam
356 959 383 1022 si
407 959 585 1022 differentia
608 960 762 1022 maiorem
783 959 952 1042 appellem,
970 959 1055 1023 haud
1071 961 1136 1024 scio
1154 983 1193 1023 an
1210 965 1299 1024 recte

237 1084 383 1147 iudicem.
430 1083 619 1146 Differentia
654 1083 685 1146 in
723 1106 759 1147 eo
795 1084 944 1162 cernitur,
981 1085 1064 1167 quod
1099 1107 1201 1148 sermo
1232 1108 1299 1149 nou

236 1209 372 1290 amplius
411 1209 491 1271 acris
531 1212 562 1271 et
600 1208 796 1271 vehementis
834 1208 895 1272 viri
930 1212 987 1285 est,
1023 1210 1079 1271 sed
1115 1209 1297 1292 philosophi

237 1337 330 1396 aetate
363 1334 504 1415 provecti
541 1337 573 1396 et
606 1354 665 1395 usu
695 1332 798 1395 edocti
822 1337 854 1395 et
877 1335 917 1396 ob
942 1355 1012 1396 eam
1036 1355 1162 1396 causam
1186 1334 1298 1397 sedate

235 1459 421 1540 placideque
446 1459 483 1521 de
508 1458 602 1520 rebus
626 1457 771 1520 humanis
799 1458 977 1522 iudicantis.
1016 1456 1194 1536 Nescimus,
1217 1481 1298 1540 quos

239 1582 371 1661 (1011111,
407 1604 485 1665 quus
520 1582 656 1645 fortunae
681 1582 912 1646 vicissitudines
935 1587 1031 1664 poeta
1054 1604 1221 1665 perpessus
1244 1583 1300 1660 sit,

237 1710 406 1789 antequam
429 1707 559 1788 spiritus
582 1706 653 1769 illos
677 1706 796 1769 feroces
821 1706 981 1788 animique
1006 1707 1212 1770 acerbitatem
1229 1710 1299 1769 tam

166 1835 169 1841 ’
235 1831 395 1913 insperata
434 1831 631 1914 mitigatione
666 1830 791 1893 leniret.
845 1828 1044 1912 Quamquam
1079 1830 1179 1893 multa
1211 1834 1300 1907 sunt,
1354 1909 1358 1915 υ

235 1977 305 2037 quae
341 1955 426 2019 levet
461 1956 537 2018 dies.
584 1953 732 2018 Fortasse
769 1955 808 2017 ad
842 1940 1037 2017 senectutem
1073 1957 1174 2036 poetae
1199 1957 1298 2018 etiam

234 2078 294 2142 hoc
331 2082 473 2157 accessit,
509 2082 544 2141 ut
578 2079 611 2141 in
639 2079 785 2142 exsilium
808 2079 1000 2142 mitteretur.
1046 2076 1083 2141 ln
1107 2079 1300 2142 coniecturis

235 2227 410 2268 versamur.
457 2203 636 2267 Postremae
660 2226 733 2267 vero
757 2204 871 2266 satiras
893 2203 928 2265 in
952 2203 1064 2265 exsilio
1090 2202 1186 2266 scribi
1202 2206 1300 2284 potu-

234 2329 307 2407 isse,
343 2351 382 2391 ne
416 2329 440 2391 ii
476 2329 605 2410 quidem
638 2333 767 2412 negant,
803 2328 858 2410 qni
893 2349 964 2390 cum
992 2326 1239 2390 Friedlaendero
1264 2331 1299 2390 et

236 2454 418 2517 Hermanno
436 2454 460 2535 ¹)
496 2451 679 2516 Iuvenalem
702 2454 766 2515 iam
790 2476 809 2515 a
832 2451 1014 2516 Domitiano
1036 2452 1142 2534 patria
1165 2451 1296 2533 pulsum

235 2601 303 2643 esse
328 2579 523 2641 confirmant.

341 2702 505 2784 Temporis
540 2702 644 2786 igitur.
662 2723 724 2765 non
747 2701 841 2764 nimis
865 2703 960 2764 breve
983 2700 1188 2763 intervallum
1211 2700 1300 2763 inter

236 2829 296 2891 duo
320 2849 438 2910 genera
462 2827 631 2890 satirarum
656 2827 836 2909 ponendum
860 2830 917 2888 est.
958 2823 1082 2887 Genera
1106 2825 1186 2902 dicu,
1203 2826 1298 2906 quasi

237 2975 335 3015 unum
360 2974 432 3016 cum
456 2952 556 3015 altero
580 2950 662 3013 nihil
685 2972 848 3014 commune
865 2948 999 3025 habeat;
1015 2951 1089 3030 peto
1106 2951 1195 3010 utne
1211 2948 1299 3011 male

234 3077 312 3140 illud
336 3078 468 3140 verbum
493 3061 753 3158 interpretentur,
777 3075 831 3157 qui
855 3075 974 3158 legant.
1014 3071 1130 3136 Utrum
1148 3071 1297 3135 exsilium

234 3202 268 3264 in
290 3202 323 3264 id
347 3200 549 3264 intervallum
573 3201 666 3262 cadat
689 3221 799 3275 necne,
823 3199 980 3281 posterius
997 3197 1184 3260 videbimus.
1224 3194 1297 3259 Iam

235 3327 275 3388 ad
297 3325 447 3407 propiora
470 3326 644 3388 veniamus.

341 3447 379 3511 In
413 3449 511 3511 satira
547 3449 670 3511 decima
704 3444 864 3509 Iuvenalis
899 3447 937 3510 de
972 3445 1063 3522 votis
1099 3466 1170 3527 quae
1198 3445 1299 3529 vulgo

235 3573 357 3638 faciunt
390 3571 543 3650 homines,
568 3572 705 3635 scribere
730 3571 878 3634 instituit.
925 3569 1071 3633 Ostendit
1095 3591 1133 3632 ea
1156 3569 1299 3640 maxima

236 3722 274 3762 ex
298 3700 389 3781 parte
414 3718 495 3759 vana
520 3717 586 3758 esse
611 3699 643 3758 et
664 3695 784 3778 inepta,
808 3716 904 3777 quam
927 3695 966 3757 ob
991 3715 1059 3757 rem
1083 3694 1151 3776 ipse
1175 3692 1206 3753 in
1231 3691 1298 3754 fine

345 3873 364 3940 ¹)
385 3873 413 3926 C.
438 3872 466 3924 F.
487 3872 630 3924 Hermus:
658 3872 691 3924 D.
711 3872 731 3924 I.
751 3870 891 3924 Iuvenalis
911 3869 1060 3923 satirarum
1079 3866 1144 3920 libri
1163 3865 1298 3934 quinque,

234 3964 336 4033 Lipsiae
358 3963 433 4024 1879,
453 3959 530 4028 praef.
550 3977 576 4028 p.
597 3959 629 4012 V.
