2828 4612
629 300 878 362 -46-.

182 477 437 542 emendationem
461 476 642 541 Heinrichii
665 499 727 541 non
751 477 941 555 desiderant,
965 477 1020 560 qui
1043 480 1166 540 tantum
1181 500 1243 560 pro

181 602 263 665 tanti
285 602 367 687 legit
390 606 422 665 et
444 602 550 665 locum
573 602 619 664 ita
642 601 797 684 explicat:
821 623 892 683 quae
916 601 1072 684 preclara
1095 605 1178 680 suut,
1202 625 1242 664 ea

181 748 304 808 quoque
339 748 502 809 prospera,
539 726 614 789 dum
648 727 740 789 modo
774 747 922 789 mensura
957 726 1113 789 malorum
1135 748 1175 788 ue
1199 727 1244 789 sit

180 851 291 920 maior.
331 849 393 914 Sed
417 848 575 914 Iuvenalis
599 872 646 928 ea,
671 871 741 933 quae
758 850 854 934 vulgo
869 851 1024 933 praeclara
1040 854 1072 913 et
1087 874 1242 934 prospera

180 973 348 1053 habentur,
371 975 498 1038 omnino
520 997 581 1039 non
607 975 807 1058 comprobat:
837 996 908 1057 quae
931 975 1086 1058 praeclara
1110 980 1142 1038 et
1164 998 1241 1059 pro-

180 1120 274 1180 spera
307 1097 390 1161 tanti
425 1101 506 1174 sunt,
542 1103 578 1161 ut
612 1120 761 1162 mensura
794 1100 949 1163 malorum
982 1122 1041 1182 par
1068 1100 1110 1163 sit
1144 1101 1241 1164 rebus

161 1223 283 1286 laetis?
318 1221 452 1306 Semper
486 1224 571 1287 enim
597 1245 745 1287 mensura
767 1225 923 1287 malorum
946 1225 980 1286 in
1002 1225 1052 1288 his
1075 1226 1240 1308 praeolaris

179 1351 211 1409 et
234 1347 394 1430 prosperis
418 1349 512 1412 rebus
535 1348 636 1411 maior
661 1351 717 1411 est.
764 1346 866 1423 Quam
889 1350 929 1413 ob
953 1371 1021 1412 rem
1044 1350 1157 1412 suadet
1180 1347 1239 1413 ho·

178 1472 326 1548 minibus
351 1475 386 1535 ut
409 1472 563 1555 praeclara
580 1473 641 1535 ista
657 1475 689 1535 et
704 1495 865 1555 prospera,
881 1474 988 1556 qualia
1005 1477 1078 1537 sunt
1092 1475 1239 1557 potentia

178 1599 249 1675 111,
273 1599 436 1678 tamquam
459 1596 612 1680 pestifera
636 1597 771 1680 fugiant.
811 1597 862 1660 Ad
887 1599 1150 1663 constructionem
1179 1599 1238 1663 cfr.

177 1717 234 1782 VI.
262 1720 445 1785 178-179.

284 1844 390 1908 Caesar
424 1869 454 1908 1.
492 1847 553 1910 109
582 1846 765 1909 circuitione
789 1847 926 1929 quadam
949 1848 1138 1911 nominatur.
1186 1849 1237 1912 Ea

176 1969 278 2032 forma
302 1967 461 2033 Iuvenalis
484 1993 568 2053 saepe
592 1971 708 2035 utitur:
733 1969 759 2035 1.
784 1974 836 2050 20,
861 1973 913 2050 25,
937 1969 979 2035 ΙΙ,
1006 1974 1079 2052 125,
1103 1970 1162 2036 ΠΙ.
1181 1975 1236 2050 91,

179 2094 251 2172 137,
280 2095 351 2169 139,
386 2092 515 2172 11114,
551 2092 641 2158 XIII.
668 2097 740 2160 185.
786 2095 934 2160 Weiseus
958 2097 1105 2180 exenipla
1128 2098 1238 2181 omnia

177 2214 383 2281 luvenaliana
407 2223 570 2283 enumerat
585 2215 621 2297 ¹),
646 2221 753 2284 omisit
775 2224 883 2283 tamen
905 2217 993 2283 XVI.
1018 2223 1048 2284 6.

282 2340 395 2406 Totam
430 2366 499 2407 eam
534 2347 658 2428 partem
692 2345 809 2421 satirae,
845 2367 914 2428 quae
951 2347 998 2408 ost
1023 2346 1060 2408 de
1084 2346 1236 2428 periculis

153 2463 325 2548 'potentiae
362 2472 394 2530 et
429 2469 660 2547 dominationis
695 2472 790 2552 poeta
821 2491 909 2532 more
933 2491 989 2532 suo
1012 2470 1083 2532 finit
1106 2473 1236 2532 senten-

175 2591 253 2654 tiam
289 2592 442 2671 addenda,
479 2615 549 2675 quae
584 2595 681 2657 verba
717 2593 837 2675 aliquot
872 2594 1049 2676 generatim
1081 2598 1235 2677 usurpata

175 2716 324 2802 continet.

281 2837 349 2904 Iam
384 2841 424 2903 ad
452 2841 666 2924 eloquentiam
688 2841 804 2904 transit
827 2840 890 2922 (11.
917 2842 1113 2916 lit-132).
1137 2839 1234 2905 luve-

174 2965 279 3027 nalem
314 2963 538 3029 Demosthenis
574 2969 605 3029 et
640 2965 800 3029 Ciceronis
835 2967 1027 3030 mentionem
1050 2966 1102 3029 hic
1125 2967 1233 3031 facere

174 3077 370 3153 Ribbeelius
394 3090 563 3173 vituperat,
588 3113 647 3154 non
671 3090 755 3173 quod
779 3091 933 3154 erraverit
946 3094 1050 3174 poeta,
1066 3113 1140 3154 nam
1156 3114 1234 3156 vera

174 3218 246 3277 sunt
270 3237 340 3297 quae
365 3218 598 3293 commemorat,
622 3215 676 3277 sed
693 3207 890 3278 Ribbeclrius
906 3215 1031 3278 omnino
1048 3237 1112 3278 non
1128 3220 1235 3298 potest

174 3339 319 3422 probare,
344 3339 489 3422 exempla
513 3361 551 3401 ex
575 3338 706 3402 historia
730 3339 832 3420 petita
847 3339 942 3423 louge
959 3339 1022 3402 alia
1039 3342 1122 3422 apud
1138 3337 1232 3403 luve-

172 3464 278 3526 nalem
302 3466 396 3545 atque
420 3463 503 3545 apud
529 3463 771 3526 declamatorem
796 3440 886 3526 illum
910 3486 988 3542 esse,
1013 3487 1107 3547 quem
1123 3467 1231 3546 poste-

172 3587 270 3651 riores
304 3588 418 3651 satiras
453 3588 666 3670 composuisse
702 3588 857 3652 adfirmat.
917 3588 1012 3671 Apud
1047 3586 1230 3651 Iuvenalem

172 3712 256 3774 euim
291 3733 328 3774 ea
359 3713 496 3775 maxime
521 3712 666 3795 exempla
688 3713 854 3789 nominari,
879 3735 1010 3796 quorum
1035 3713 1119 3796 apud
1143 3713 1230 3776 cives

281 3977 299 4046 ¹)
320 3979 413 4031 Warsa
432 3978 450 4029 l.
470 3978 488 4029 l.
508 3995 553 4046 pp.
574 3979 687 4031 35-36.
