3062 4808
715 273 738 317 s

617 375 880 444 —135-'

266 627 268 632 ,
293 558 447 623 Weidner
481 581 543 622 non
578 557 677 622 multa
711 557 844 634 invenit,
879 578 949 639 quae
984 557 1017 620 in
1049 556 1109 619 hac
1133 557 1244 641 ecloga

186 687 287 747 artem
304 685 473 747 satirarum
489 667 650 766 scriptoris
667 683 813 766 prodant,
830 703 925 764 quam
942 682 981 744 ob
995 704 1062 745 reru
1075 682 1243 759 coniectat,

133 811 137 827 “
186 831 258 871 eam
292 811 363 890 post
385 812 521 872 mortem
545 805 703 870 Iuvenalis
728 807 841 870 ceteris
865 807 971 870 satiris
995 805 1135 869 additam
1159 829 1242 884 esse3

186 954 288 1016 neque
319 933 402 996 enim
426 930 609 996 iuvenalem
633 954 702 1026 eam
727 932 889 1014 scripsisse
912 934 1020 1014 negat,
1045 932 1100 994 sed
1124 931 1258 1020 epistu-¹

185 1057 249 1120 lam
274 1058 379 1139 potius
405 1058 444 1120 ad
467 1056 658 1121 familiarem
674 1057 812 1120 amicum
827 1057 956 1120 missam
972 1056 1128 1139 opinatur,
1149 1078 1244 1138 quarn

103 1257 106 1262 Ι
158 1181 316 1248 ι8111111111
341 1183 449 1245 eodem
474 1204 534 1264 quo
558 1185 679 1245 ceteras
704 1181 834 1245 consilio
858 1181 1072 1264 compositam.

292 1304 475 1370 iuvenalem
498 1307 580 1369 hanc
605 1307 734 1368 satiram
760 1306 933 1388 scripsisse,
959 1310 994 1368 ut
1016 1327 1114 1389 grave
1131 1307 1244 1370 'vulnus

186 1430 356 1515 Aegyptiis
380 1431 542 1514 infligeret
566 1435 660 1513 atque
684 1433 719 1493 ut
737 1430 919 1494 barbariam
936 1452 1044 1494 eorum
1062 1430 1156 1494 simul
1172 1453 1243 1494 cum

186 1555 463 1637 superstitionibus
501 1555 654 1637 vanisque
693 1555 882 1638 religionum
921 1554 1109 1618 caerimoniis
1147 1555 1244 1618 vehe-

187 1682 310 1742 menter
334 1681 516 1764 castigaret,
541 1680 710 1754 neminem,
732 1679 855 1774 opinor,
870 1679 981 1763 fugere
998 1679 1127 1761 poterit.
1163 1679 1244 1742 Cou-

176 1779 250 1868 ¹stat
275 1826 313 1868 ex
339 1805 401 1868 174
425 1805 578 1880 versibus,
603 1826 735 1886 quorum
751 1805 784 1865 in
804 1805 862 1867 131
883 1805 921 1867 10
939 1803 1110 1888 Aegyptiis
1127 1804 1265 1888 agitur·

185 1928 328 1992 Primum
363 1929 457 2006 enim,
485 1933 521 1992 ut
554 1929 700 2006 vidimus
724 1931 819 2010 poeta
843 1929 880 1990 de
906 1928 964 1991 diis
987 1951 1097 1992 eorum
1121 1929 1244 1992 iocatur

187 2053 351 2137 multaque
376 2054 461 2135 apud
485 2075 537 2116 eos
561 2052 631 2116 fieri
655 2053 826 2131 contendit,
846 2075 915 2138 quae
932 2053 1012 2115 mira
1027 2053 1095 2116 iure
1113 2052 1245 2116 dicenda

187 2178 252 2240 sint
269 2177 332 2259 (11.
348 2177 478 2259 1-32).
514 2176 627 2240 Refert
640 2177 752 2240 deinde
767 2181 857 2240 atrox
869 2177 1006 2240 feritatis
1019 2199 1124 2240 eorum
1137 2199 1245 2240 exem-

189 2302 277 2384 plum
313 2287 375 2378 (11.
402 2302 555 2376 33-92).
602 2301 683 2364 Turn
718 2302 815 2380 addit,
841 2302 957 2364 similia
980 2301 1126 2384 exempla
1149 2302 1245 2365 etiam

187 2427 219 2488 in
256 2427 327 2489 aliis
361 2426 485 2508 populis
521 2425 655 2489 inveniri
679 2448 781 2508 posse,
806 2426 945 2489 sednon
970 2448 1008 2488 ex
1032 2427 1127 2489 simili
1151 2449 1246 2490 causa

149 2597 152 2602 ,
186 2553 256 2614 orta
291 2555 323 2613 et
349 2551 420 2614 ideo
444 2551 609 2614 toleranda
633 2550 695 2632 (11.
722 2550 898 2632 93-131).
945 2549 1107 2614 Postremo
1130 2554 1245 2615 transit
1334 2535 1338 2544 ¹

187 2676 227 2738 ad
250 2677 395 2738 mutuum
417 2675 579 2740 hominum
602 2698 740 2738 amorem
757 2675 948 2738 laudandum
965 2673 1029 2756 (vv.
1048 2677 1244 2758 132—174).

187 2798 302 2886 Nonne
326 2799 394 2864 haec
419 2801 525 2864 omnia
549 2801 755 2882 comprobant
780 2822 850 2882 quae
872 2800 947 2877 dixi,
965 2797 1156 2880 Iuvenalem,
1174 2823 1246 2865 cum

187 2924 269 2988 hanc
304 2926 433 2988 satiram
471 2927 682 3007 componeret,
712 2923 884 3008 Aegyptiis
908 2929 1016 2988 notam
1038 2927 1245 3007 turpitudinis

187 3049 312 3112 inurere
337 3050 494 3113 voluisse?
530 3049 629 3112 Recte
655 3053 759 3112 monet
782 3043 938 3125 Palmius,
958 3072 1126 3133 perperam
1147 3051 1245 3115 110111-

187 3173 287 3256 plium
310 3174 476 3251 iudicasse,
501 3195 572 3236 cum
596 3174 629 3236 in
653 3196 690 3236 ea
714 3197 747 3237 re
772 3197 926 3238 summam
946 3175 1094 3238 carminis
1110 3175 1246 3258 positam

189 3319 256 3360 esse
281 3297 409 3376 diceret,
437 3303 472 3361 ut
495 3295 654 3361 luvenalis
678 3298 836 3362 Romanos
861 3301 1055 3378 admoneret,
1079 3321 1118 3362 ne
1143 3300 1245 3364 simile

187 3422 346 3506 flagitium
371 3423 605 3486 committerent
635 3422 657 3503 ).

295 3546 332 3611 ld
367 3547 463 3610 etiam
498 3549 605 3630 probo,
641 3549 724 3631 quod
759 3549 869 3612 eodem
903 3550 971 3614 loco
994 3550 1135 3614 Palmius
1159 3551 1246 3630 dicit,

189 3671 345 3734 Hadriani
380 3673 474 3734 aetate
512 3670 670 3736 Romanos
710 3674 895 3758 peregrinas
935 3674 1107 3759 religiones
1147 3676 1246 3740 multo

188 3796 288 3878 pluris
305 3819 400 3880 quam
419 3796 539 3878 patrias
555 3797 679 3876 fecisse,
696 3801 885 3881 poetamque
898 3799 956 3863 hac
969 3800 1066 3863 satira
1078 3802 1248 3884 populares

188 3967 399 3974 —ss-——ae

300 4061 319 4130 ¹)
339 4063 415 4116 Pleu
434 4064 451 4116 1.
472 4063 489 4116 1.
509 4081 536 4132 p.
556 4064 580 4116 a.
