2828 4612
625 288 799 351 -94-

179 467 285 527 menta
320 464 518 528 referendam
554 487 622 528 esse
641 464 676 546 ¹).
722 463 835 528 Hilare
859 487 959 549 genus
983 464 1075 543 dixit,
1100 464 1246 529 athoud

177 589 242 653 scio
266 611 306 652 an
330 594 433 667 recte;
470 590 614 673 quamvis
638 589 723 652 enim
746 588 981 673 philosophum,
1006 590 1061 673 qui
1085 593 1120 653 et
1143 590 1246 654 multa

177 717 328 796 expertus
371 714 413 777 sit
451 719 483 778 et
521 715 554 777 in
593 715 813 797 disquisitione
852 736 957 777 rerum
995 714 1245 779 iniucundarum

176 843 332 917 versetur,
367 839 454 922 loqui
479 840 655 915 audiamus,
679 844 787 903 tamen
811 837 971 903 luvenalis
994 841 1061 902 tam
1086 861 1105 902 a
1128 860 1165 902 se
1189 840 1245 903 de·

177 964 313 1027 sciscere
348 986 410 1026 non
437 968 551 1047 potest,
576 968 611 1027 ut
635 964 731 1028 etiarn
756 965 787 1026 in
811 964 861 1027 his
886 966 985 1028 rebus·
1003 963 1244 1027 considerandis

176 1091 285 1152 notam
317 1086 406 1152 illam
440 1088 618 1152 irrisionem
651 1094 682 1151 et
706 1090 854 1153 festivum
878 1111 1057 1153 sermonem
1080 1088 1242 1153 interdurn

177 1235 238 1276 non
263 1213 423 1277 adhibeat.

283 1338 353 1402 Hoc
375 1339 436 1402 sibi
452 1343 670 1422 proposuerat,
688 1342 732 1412 nt,
750 1362 820 1402 cum
838 1339 987 1403 Calvinus
1003 1340 1125 1403 anricus
1141 1350 1250 1427 parra

175 1463 310 1542 pecunia
340 1464 505 1527 fraudatus
529 1469 613 1527 esset
636 1467 668 1526 et
692 1465 723 1527 id
747 1465 896 1528 damnum
921 1487 1007 1546 aegre
1033 1465 1143 1543 ferret,
1169 1487 1240 1529 euin

177 1589 392 1652 consolaretur
426 1590 620 1652 ostendendo
654 1611 717 1652 non
752 1612 824 1651 raro
859 1589 920 1652 hoc
954 1590 1025 1652 fieri
1060 1589 1239 1672 multosque

176 1714 273 1775 etiam
296 1713 468 1785 maioribus
493 1735 588 1795 quam
611 1713 702 1776 illurn
727 1714 849 1776 damnis
873 1713 976 1790 adfici,
1001 1736 1105 1796 neque
1131 1718 1238 1778 tamen

176 1858 255 1911 esse,
291 1858 347 1898 cur
381 1837 456 1899 istos
492 1837 715 1915 fraudulentos,
745 1836 887 1901 homines
920 1837 1161 1918 ulciscerentur,
1185 1838 1237 1922 qui

175 1961 324 2023 iniuriam
358 1961 564 2043 accepissent,
588 1983 659 2024 cum
683 1963 740 2038 illi,
765 1964 861 2025 etiam
885 1962 911 2024 si
934 1962 1029 2025 liberi
1053 1963 1239 2041 evasissent,

176 2089 282 2147 tamen
316 2107 435 2168 poenas
470 2108 533 2148 nou
567 2086 750 2150 mitissimas
785 2087 920 2163 luerent,
956 2087 1105 2170 quoniam
1140 2087 1238 2151 animi
1294 2154 1301 2169 ,

176 2210 369 2274 conscientia
392 2233 517 2294 semper
541 2212 808 2274 excruciarentur.

282 2333 372 2409 Quod
396 2339 620 2420 argumentum
643 2336 676 2397 in
699 2335 782 2398 hunc
806 2337 932 2399 modum
957 2336 1107 2419 disponit.

281 2459 311 2521 A
347 2461 504 2522 communi
532 2461 690 2522 sententia
714 2460 827 2542 incipit
850 2465 912 2536 (vv.
939 2460 1048 2542 1-2).
1096 2460 1240 2527 Primam

175 2606 243 2646 esse
278 2584 442 2661 ultionem,
467 2586 549 2667 quod
573 2607 606 2647 se
631 2585 733 2646 iudice
758 2607 850 2648 nemo
874 2585 1066 2664 absolvatur,
1090 2588 1242 2668 quamvis

174 2709 259 2791 apud
297 2713 466 2791 praetorem
506 2710 618 2773 vicerit
656 2708 719 2789 (vv.
756 2710 865 2790 ‘2--r).
918 2708 1009 2772 Hanc
1044 2712 1242 2775 sententiam

174 2836 270 2914 poeta
305 2832 364 2896 hoc
399 2833 467 2896 loco
494 2855 556 2896 non
580 2834 715 2915 amplius
740 2834 887 2916 explicat,
912 2836 1019 2897 servat
1042 2856 1115 2896 eam
1138 2857 1245 2919 usque

174 2957 267 3020 adv.
295 2957 368 3034 192,
392 2958 447 3020 ubi
470 2957 520 3020 his
543 2958 649 3020 verbis
674 2959 712 3020 ad
737 2981 806 3021 eam
830 2959 927 3022 redit:

713 3126 766 3164 eur
789 3110 888 3163 tamen
912 3108 963 3164 hos
987 3108 1022 3163 tu

333 3213 458 3269 erasisse
482 3215 578 3286 putes,
604 3231 677 3286 qnos
702 3213 757 3269 diri
782 3213 897 3270 conscia
921 3213 993 3270 tacti

333 3338 415 3376 mens
438 3319 528 3376 habet
552 3319 695 3376 attonitos
719 3322 748 3375 et
771 3320 861 3375 surdo
885 3319 1007 3375 verbere
1031 3319 1120 3377 caedit

333 3426 483 3484 occultum
508 3426 660 3499 quatiente
684 3425 782 3482 animo
806 3428 919 3482 tortore
942 3425 1115 3499 flagellum?

174 3581 216 3643 Et
252 3581 338 3643 haud
371 3581 435 3643 scio
470 3601 511 3642 un
545 3583 630 3641 recte
665 3577 780 3641 hocin
806 3579 891 3641 alind
915 3583 1041 3661 tempus
1065 3579 1250 3663 distulerit,

172 3726 246 3767 num
270 3706 357 3787 prins
381 3704 410 3766 ei
435 3703 602 3766 dicendum
627 3705 694 3765 erat
719 3704 756 3765 de
778 3704 928 3784 peccatis,
944 3725 1038 3785 qnam
1056 3703 1097 3765 ad
1113 3725 1246 3785 poenas

283 3879 302 3945 ¹)
322 3884 350 3933 t'.
370 3881 498 3933 llf'nunn:
524 3877 698 3932 Lateinische
717 3878 934 3947 interpretation
947 3878 1053 3948 einiger
1065 3879 1180 3936 Stellen
1193 3901 1252 3938 aus

171 3970 299 4024 Juvenal.
336 3969 515 4036 Selrulprogr.
552 3967 698 4035 Hamburg
718 3968 793 4023 1830.
813 3986 839 4035 p.
859 3969 883 4020 6.
