2828 4612
625 289 798 350 „55-

170 465 427 550 parum-beatis
462 465 609 528 scelerati
643 464 796 543 homiues,
832 465 886 528 sed
920 465 960 528 ob
984 464 1104 527 exitum
1128 463 1236 527 felices

169 590 371 674 appellandi,
396 592 604 672 opponantur.

285 712 420 777 Omnino
455 714 481 776 si
516 714 646 777 satiram
682 713 836 776 decimam
864 712 1057 796 perlegimus
1081 713 1236 795 composi·

172 841 360 921 tionemque
392 838 459 901 eius
484 838 661 901 accuratius
684 838 919 920 perpendimus,
944 838 1012 900 fieri
1037 859 1099 900 non
1123 840 1236 919 potest,

172 969 212 1027 ut
236 986 361 1026 summa
384 985 446 1026 non
470 963 656 1025 adliciamur
678 962 855 1037 miratione,
881 983 951 1024 cum
970 962 1030 1024 hac
1048 962 1085 1024 de
1102 983 1136 1024 re
1153 962 1237 1043 apud

175 1086 455 1172 Bergmuellerum
478 1086 538 1150 hoc
562 1086 714 1149 iudicium
738 1086 952 1149 inveniamus:
978 1086 1010 1148 in
1027 1108 1123 1168 quam
1139 1087 1237 1165 (com-

174 1213 369 1295 positionem
403 1211 585 1292 satirarum)
613 1210 639 1273 si
664 1210 834 1294 diligenter
857 1211 1000 1292 inquiris
1024 1232 1142 1292 paucas
1165 1213 1237 1272 tan-

173 1341 246 1401 tum
280 1339 403 1399 saturas
438 1336 479 1416 (si
502 1336 558 1413 vis
590 1332 650 1398 ΙΙΙ.
674 1333 730 1398 ΙΧ.
754 1332 809 1397 ΧΙ.
835 1332 922 1416 ΧΗ.)
946 1335 1101 1418 imagines
1125 1357 1236 1398 suaves

174 1461 321 1545 appelles
357 1460 518 1543 praecipua
552 1465 654 1542 poetae
679 1463 747 1522 arte
771 1460 861 1521 fictas
885 1458 1112 1522 conformantis
1136 1462 1236 1521 mate-

172 1586 258 1649 riem
292 1585 413 1648 variam
449 1585 489 1647 ad
523 1584 670 1647 subtilius
705 1583 870 1646 consilium
898 1584 1002 1646 animo
1032 1586 1235 1666 conceptuum

175 1710 212 1773 in
249 1708 381 1791 reliquis
421 1709 566 1772 omuibus
605 1708 783 1790 simplicem
822 1708 1043 1771 declamatoris
1079 1706 1236 1771 luvenalis

178 1833 334 1897 rationem
358 1833 543 1915 deprendes,
568 1834 656 1896 cuius
679 1833 816 1915 vestigia
835 1833 868 1895 in
884 1833 980 1895 tertia
995 1855 1120 1915 quoque
1137 1855 1236 1915 appa·

178 1958 259 2037 rent,
286 1958 342 2041 qui
366 1957 539 2039 saepissime
564 1962 752 2041 argumenta
776 1958 923 2041 graviora
946 1957 1065 2021 leviora
1089 1958 1235 2040 excipere

176 2083 421 2147 transitionibus
444 2103 520 2144 sane
544 2082 657 2147 ieiunis
681 2085 790 2164 aperte
814 2082 975 2166 significat
993 2083 1025 2162 ¹).

285 2204 438 2270 Subtilius
460 2206 626 2269 consilium
642 2208 747 2269 animo
764 2209 960 2288 conceptum.
996 2207 1105 2284 Deest,
1121 2207 1235 2289 inquit,

177 2332 212 2394 in
247 2330 308 2395 hac
332 2332 446 2394 satira:
483 2334 516 2393 at
539 2333 586 2393 est
609 2330 642 2392 in
666 2331 784 2412 paucis.
831 2329 988 2408 Profecto
1012 2331 1038 2392 si
1063 2330 1114 2393 hic
1138 2332 1235 2410 deest,

171 2457 316 2519 concedo
339 2478 389 2518 me
413 2456 546 2533 nescire,
571 2477 633 2537 quo
656 2455 747 2518 modo
770 2455 802 2516 in
827 2455 940 2517 ceteris
964 2476 1031 2517 esse
1055 2455 1166 2536 possit.

277 2578 369 2672 'Usus
385 2578 550 2661 particulae
567 2602 640 2642 nam
657 2578 700 2658 (v.
718 2577 794 2661 204)
812 2579 1023 2642 observandus
1040 2583 1096 2642 est.
1133 2579 1236 2664 Berg-

176 2703 322 2780 mueller‚
346 2704 400 2785 qui
426 2704 463 2766 de
488 2725 546 2766 usu
569 2702 662 2766 huius
685 2703 850 2785 particulae
874 2726 927 2786 pp.
953 2705 1080 2768 29—31
1108 2707 1140 2766 et
1155 2705 1235 2767 bene
1293 2772 1296 2781 ,

175 2832 211 2893 et
234 2829 359 2911 copiose
384 2829 520 2904 disserit,
545 2828 622 2892 dicit
637 2828 663 2909 2)
687 2851 720 2891 se
744 2829 782 2891 de
806 2828 864 2892 hoc
888 2828 957 2892 loco
981 2828 1034 2909 (X.
1052 2829 1129 2911 204)
1152 2829 1236 2892 infra

174 2955 423 3037 disputaturum.
470 2951 541 3030 Sed,
566 2956 720 3035 quantum
743 2953 844 3031 video,
869 2952 929 3016 lroc
953 2953 1070 3016 oblitus
1090 2959 1146 3029 est,
1163 2977 1236 3017 nam

176 3078 212 3142 in
245 3079 284 3142 iis
318 3078 456 3162 paginis
492 3077 546 3141 ubi
571 3077 608 3140 de
633 3077 839 3159 occupatione
864 3078 941 3161 agit,
966 3078 1005 3140 ad
1029 3080 1111 3160 quod
1135 3101 1235 3163 genus

176 3202 237 3267 hoc
262 3203 440 3284 exemplum
465 3201 624 3284 pertinere
649 3202 735 3279 dicit,
760 3202 1004 3284 explicationem
1027 3203 1094 3266 eius
1118 3203 1236 3267 frustra

171 3348 312 3410 quaeras.
359 3326 491 3408 Ellipsis
526 3329 584 3390 est.
631 3324 841 3409 Opponuutur
867 3326 951 3389 inter
984 3348 1017 3389 se
1052 3327 1169 3411 gaudia
1204 3331 1236 3390 et

172 3451 306 3516 oblivio.
354 3449 477 3514 Gaudia
510 3451 576 3513 vini
611 3451 736 3533 cibique
763 3473 859 3514 senex
882 3473 945 3514 non
978 3451 1084 3532 sentit,
1120 3452 1236 3515 nedum

175 3576 281 3640 altera
303 3575 359 3639 illa
382 3578 513 3658 propter
537 3574 665 3658 longam
689 3575 881 3639 oblivionem
896 3574 932 3656 ³).

288 3787 307 3855 ¹)
328 3789 507 3841 Bxuoutuuuu
525 3786 543 3839 l.
564 3787 582 3839 l.
601 3805 627 3854 p.
648 3787 689 3840 15.

288 3874 474 3945 Umpss

288 3963 308 4032 ³)
329 3965 383 4019 cfr.
402 3965 480 4019 Kisa
497 3965 515 4018 l.
529 3965 547 4017 l.
561 3983 587 4033 p.
602 3965 662 4018 157.
689 3963 711 4017 ll
726 3982 750 4017 v.
764 3965 815 4018 205
829 3965 909 4020 credo
922 3982 1016 4021 veram
1028 3964 1175 4021 lectionem
1190 3967 1236 4020 VI.
