3062 4808
547 1356 702 1467 Satira
739 1357 851 1466 XIII.

275 1641 347 1708 Non
384 1643 490 1727 gravis
519 1665 556 1705 ea
580 1663 674 1712 causa
698 1646 776 1718 erat,
801 1663 863 1723 qua
887 1642 1047 1722 permotus
1070 1637 1230 1702 Iuvenalis

158 1749 252 1832 band
277 1768 406 1831 satiram
433 1767 620 1851 composuit,
645 1767 672 1830 si
691 1766 820 1848 quidem
836 1787 906 1828 earn
922 1765 955 1828 in
972 1764 1088 1849 exiguo
1105 1765 1230 1842 damna,

157 1895 252 1977 quod
272 1891 440 1975 acceperat
456 1891 604 1956 Calvinus
622 1892 751 1982 amicus,
768 1912 910 1973 quaerere
925 1889 1086 1973 volumus,
1104 1888 1231 1973 gravior.

161 2021 277 2082 tamen
301 2018 443 2097 dicenda,
468 2017 495 2079 si
517 2020 646 2099 poetam
670 2037 733 2080 non
758 2017 795 2078 de
819 2037 891 2078 raro
915 2018 970 2078 aut
992 2014 1121 2078 insolito
1143 2014 1231 2078 frau-

158 2143 306 2208 dationis
330 2142 475 2224 exemplo
499 2143 554 2210 sed
575 2142 613 2204 de
630 2139 740 2206 morbo
756 2141 893 2223 quodam
910 2139 1001 2222 queri
1017 2139 1230 2218 meminimus,

159 2267 223 2350 qui
264 2267 297 2330 in
333 2267 399 2330 dies
434 2267 538 2350 magis
562 2267 785 2350 ingravescens
810 2265 972 2330 civitatem
994 2267 1176 2346 pervertere
1201 2268 1233 2327 et

162 2392 251 2455 vitas
287 2379 470 2455 hominumi
485 2375 680 2453 labefactare
715 2388 887 2452 videretur.
933 2387 1038 2452 Triste
1070 2386 1149 2451 illud
1173 2391 1231 2466 est,

112 2597 114 2604 ,
161 2517 254 2600 quod
277 2519 384 2579 monet
407 2512 567 2579 luvenalis
592 2515 629 2577 de
654 2513 819 2577 fraudibus
843 2516 875 2575 et
898 2511 1034 2576 fallaciis
1051 2512 1231 2595 aequalium,

164 2645 200 2704 et
221 2663 275 2704 eo
309 2640 443 2717 tristius
479 2639 563 2722 quod
598 2639 719 2703 nullam
742 2638 878 2701 salutern
902 2659 1031 2721 sperare
1055 2658 1149 2700 ausus
1174 2639 1231 2702 est.

164 2763 254 2857 Quid
287 2765 321 2828 in
347 2768 438 2828 tanta
461 2765 554 2828 malae
579 2763 814 2828 consuetudinis
839 2763 1018 2845 corruptela
1041 2763 1109 2844 ipse
1134 2761 1233 2824 senti-

167 2895 230 2970 ret,
264 2891 298 2954 in
334 2885 432 2953 satira
459 2891 555 2953 tertia
580 2890 701 2953 decima
725 2892 757 2952 et
780 2909 844 2950 suae
869 2887 973 2952 aetatis
996 2887 1177 2951 hominibus
1202 2889 1234 2949 et

94 3013 98 3022 '
168 3015 307 3098 posteris
342 3018 451 3098 aperte
486 3015 646 3097 professus
682 3017 739 3076 est.
786 3012 907 3076 Rarum
942 3013 1020 3076 illud
1048 3011 1178 3094 quidem
1202 3015 1235 3075 et

168 3140 298 3224 insigne
321 3139 489 3222 probitatis
506 3140 737 3218 documentum,
755 3138 843 3201 cuius
859 3138 927 3200 laus
944 3159 1008 3200 non
1024 3136 1237 3215 deminuatur,

169 3264 317 3346 quamvis
352 3285 415 3327 non
445 3263 614 3340 defuerint,
638 3264 693 3346 qni
717 3265 754 3328 de
779 3263 927 3326 inanibus
951 3261 1234 3324 declamationibus

172 3409 246 3450 cum
271 3388 479 3471 despicientia
501 3388 718 3470 loquerentur.
758 3386 863 3451 Satira
886 3387 981 3450 tertia
1005 3385 1137 3474 decima¹
1151 3385 1235 3448 inter

171 3516 296 3576 ceteras
320 3513 425 3576 locum
448 3534 510 3576 non
533 3513 625 3576 modo
649 3535 711 3576 non
734 3513 816 3576 male
842 3511 994 3589 defendit,
1011 3512 1067 3574 sed
1082 3510 1235 3573 facillime

172 3639 291 3717 tuetur,
326 3659 384 3700 nec
418 3638 485 3702 sine
520 3637 589 3701 iure
617 3641 844 3701 commentator
878 3637 1007 3719 quidam
1038 3636 1129 3712 dixit,
1152 3634 1235 3698 hanc

175 3763 308 3826 satiram
346 3784 417 3826 cum
455 3767 586 3845 propter
621 3763 860 3840 sententiarum,
897 3762 1012 3844 quibus
1049 3761 1235 3839 abundaret,

174 3890 373 3950 venustatem
398 3890 429 3950 et
453 3887 600 3971 gratiam,
625 3891 693 3949 tum
716 3890 847 3971 propter
871 3886 996 3950 dicendi
1016 3907 1117 3970 genus
1134 3885 1235 3949 hilare

175 4015 209 4075 et
242 4013 383 4076 vividum
413 4013 497 4076 inter
532 4011 748 4095 pulcherrima
776 4013 874 4076 doctae
900 4011 1101 4094 antiquitatis
1121 4032 1236 4076 monu-
