2828 4612
605 348 645 356 —
672 312 733 375 118
758 347 798 356 --

171 495 267 556 immo
291 492 410 556 scelere
434 512 466 552 se
491 490 523 552 id
547 511 647 572 genus
670 489 813 552 homines
836 510 899 552 non
923 511 994 551 raro
1018 489 1235 574 obstringere,

172 639 241 681 cum
266 618 379 679 insana
402 615 575 698 cupiditate
599 614 749 677 occaecati
772 613 852 676 nihil
875 635 939 676 non
962 635 1147 676 concessum
1162 613 1239 697 opi-

171 746 287 805 nentur
311 740 375 823 (vv.
402 738 599 820 145-155).

278 837 349 929 Sint
386 869 493 927 tamen
532 864 655 942 divites,
692 863 795 946 inquit
830 861 1004 939 luvenalis3
1043 885 1121 926 num
1157 884 1232 948 ergo

172 992 298 1055 morbos
333 1012 458 1072 quoque
494 992 525 1052 et
549 1011 639 1052 curas
664 992 696 1051 et
719 992 851 1053 mortem
875 989 987 1071 fugere
1012 992 1152 1071 possuntx
1168 987 1228 1068 (vv.

174 1114 384 1196 156—160)?
417 1114 581 1189 Quondam
604 1135 702 1196 parvo
726 1113 867 1177 homines
892 1115 1030 1177 contenti
1056 1117 1152 1185 erant
1168 1114 1227 1194 (vv.

175 1241 370 1317 rol-171),
395 1261 477 1302 nunc
494 1239 649 1303 modestia
665 1238 790 1302 illorum
807 1239 967 1316 irridetur,
984 1237 1059 1301 hino
1077 1239 1229 1302 scelerum

173 1385 286 1442 causae,
311 1386 413 1447 neque
438 1364 521 1427 enirn
546 1364 646 1426 ullum
669 1364 782 1425 vitium
798 1363 954 1425 funestius
971 1367 1019 1425 est
1035 1385 1132 1445 quam
1149 1385 1230 1427 saeva

100 1468 111 1481 ρ
173 1489 333 1552 immodici
358 1510 469 1552 census
494 1489 609 1570 cupido
626 1494 688 1564 (vv.
707 1487 904 1568 172—178).
939 1487 990 1550 Ad
1007 1488 1229 1569 parsimoniam

174 1615 328 1677 maiorum
360 1614 551 1676 laudandam
574 1613 690 1675 iterum
713 1612 795 1674 redit
819 1617 913 1694 poeta
936 1612 999 1693 (vv,
1026 1612 1230 1694 179—188);

173 1739 320 1802 felicibus
355 1739 483 1801 illorum
517 1738 711 1819 temporibus
747 1739 914 1800 avaritiam
951 1742 983 1800 et
1005 1737 1086 1799 lucri
1110 1737 1231 1819 cupidi·
1273 1796 1294 1821 J.

175 1867 275 1926 tatem
307 1884 434 1925 snorum
459 1862 629 1943 aequalium
652 1862 768 1924 iterum
790 1863 921 1944 opponit
944 1861 1007 1943 (vv.
1035 1860 1232 1942 189-209).

282 1986 349 2050 Hos
372 1987 473 2070 igitur
494 1988 643 2069 parentes
667 1987 748 2049 bono
773 1987 876 2049 animo
901 2008 967 2048 esse
992 2009 1054 2049 non
1077 1986 1145 2048 sine
1169 1986 1233 2048 dis·

173 2113 356 2176 simulantia
391 2113 489 2190 iubet,
518 2111 706 2194 discipulum
729 2111 882 2194 magistro
905 2111 1067 2174 meliorem
1090 2085 1235 2173 futurum
1299 2087 1301 2094 Ι

174 2238 207 2299 in
241 2238 351 2320 quovis
386 2258 502 2320 genere
537 2236 691 2299 scelerum
727 2226 915 2298 confirmans
943 2234 1006 2304 (vv.
1032 2235 1233 2317 alo—224).

173 2359 246 2424 Non
281 2383 373 2444 posse
397 2364 545 2443 parentes
569 2383 637 2424 sese
662 2360 841 2435 defendere,
866 2382 992 2442 semper
1015 2360 1098 2422 enim
1123 2381 1177 2422 eos
1203 2361 1236 2423 in

174 2486 267 2568 culpa
291 2507 369 2564 esse,
394 2508 464 2548 cum
488 2485 629 2548 habenas
653 2484 815 2547 remittere
839 2506 902 2546 non
926 2484 1087 2558 dubitent;
1124 2485 1235 2566 ignem

175 2632 260 2693 ergo,
298 2632 392 2692 quem
425 2611 487 2692 ipsi
523 2609 734 2684 accenderint,
771 2612 885 2672 cuncta
909 2609 1087 2691 rapientem
1110 2608 1238 2673 visuros

173 2735 320 2816 ipsosque
356 2735 388 2796 in
413 2736 569 2797 communi
592 2756 699 2796 rerum
722 2733 961 2815 perturbatione
986 2734 1144 2816 perituros
1168 2733 1238 2814 (vv.

175 2859 374 2940 225455).

281 2981 360 3045 Tam
395 2983 513 3065 inepta,
550 2986 616 3045 tam
651 2982 784 3045 ridicula
807 2982 918 3046 horum
941 2982 1106 3045 hominurn
1129 2983 1242 3046 studia

176 3128 245 3170 esse
269 3109 365 3189 poeta
389 3107 476 3185 dicit,
500 3112 543 3186 ut,
568 3108 622 3191 qui
646 3107 769 3170 labores
794 3129 901 3182 eornm
919 3108 1091 3183 intueatur,
1108 3105 1243 3172 theatra

175 3231 355 3294 desiderare
387 3254 452 3294 non
485 3233 585 3314 possit
616 3233 677 3315 (vv.
704 3233 903 3313 256—283).
949 3231 1079 3295 Scilicet
1102 3231 1243 3318 insaniae

175 3356 276 3419 multa
299 3344 429 3440 genera¹
442 3379 520 3435 esse,
544 3380 646 3441 neque
671 3379 778 3420 eorum
794 3358 958 3420 minimam
975 3378 1042 3418 esse
1059 3356 1244 3437 dicendam,

175 3481 230 3562 qui
266 3485 301 3544 ut
325 3502 400 3564 opes
424 3485 564 3565 augeant
586 3481 709 3544 nullum
731 3482 806 3545 vitae
831 3480 1007 3563 periculum
1030 3480 1246 3547 reformident

175 3604 240 3684 (vv.
276 3606 474 3686 nst—302).
522 3605 645 3668 Deinde
681 3609 774 3688 poeta
810 3605 900 3668 nobis
935 3604 1082 3679 ostendit,
1118 3610 1247 3686 quanto

175 3732 274 3806 metn,
299 3730 425 3810 quantis
449 3730 532 3792 curis
556 3729 606 3792 hae
631 3730 748 3793 divitiae
773 3734 865 3792 nocte
883 3729 995 3812 dieque
1012 3752 1030 3790 a
1046 3730 1248 3810 possessori·

176 3855 235 3917 bus
270 3855 486 3917 custodiantur
522 3853 584 3935 (vv.
610 3854 807 3935 303—308).
855 3850 923 3917 Illis
951 3853 1034 3916 curis
1058 3852 1247 3936 Diogenem

175 3978 313 4043 liberum
340 3978 437 4041 fuisse
462 3978 526 4059 (vv.
552 3977 750 4060 soa-314),
775 3979 830 4041 sed
854 3999 961 4041 omnes
985 3976 1138 4054 homines,
1165 3978 1247 4042 dum
