3062 4808
608 378 839 461 -95-·,

162 554 357 618 exhibendas
396 555 682 639 transgrederetur.
745 553 872 618 Offendi
909 577 1074 637 possumus
1109 555 1222 632 161116,

161 680 247 762 quod
282 683 330 742 est
364 679 468 762 prima
503 679 546 759 (v.
572 681 616 761 2),
635 759 641 767 Ι
658 680 748 762 quasi
783 681 871 743 nulla
905 683 1022 762 pree-ter
1051 679 1134 742 116116
1158 680 1223 742 alia

161 803 241 871 ultio
276 808 547 881 commemoretur,
584 825 655 867 cum
683 805 788 870 omnia
812 806 851 867 ad
876 805 971 867 animi
989 791 1219 869 'conscientiam

161 901 357 1006 referentum
382 929 438 991 sed
461 929 493 990 in
517 929 589 991 fine
603 929 708 992 satirae
732 933 826 1011 poeta
843 929 962 1018 aliquid
979 929 1068 992 addit
1083 929 1121 991 de
1137 928 1223 992 mela

162 1053 399 1128 consuetudine,
421 1074 494 1135 quae
519 1017 644 1131 efficiat,
669 1056 704 1115 111
728 1054 766 1116 ad
792 1055 957 1117 damnatos
981 1075 1082 1116 mores
1106 1057 1222 1117 natura

161 1199 288 1260 semper
321 1180 464 1240 recurrat
499 1183 541 1254 (v.
566 1179 654 1255 239),
679 1199 775 1260 quam
798 1179 837 1242 ob
862 1195 929 1242 rem
952 1183 1038 1242 recte
1063 1179 1221 1258 adfirmat,

161 1302 332 1364 sceleratos
370 1301 514 1365 homines
553 1302 757 1386 gravissimas
796 1325 913 1385 poenas
949 1303 1117 1386 aliquando
1153 1327 1222 1367 esse
1313 1339 1315 1348 ‚

162 1427 290 1489 daturos
315 1425 378 1504 (vv.
404 1427 602 1508 etl-24¹7).
677 1414 680 1432 ¹

269 1548 337 1613 Iam
361 1571 394 1614 se
419 1551 458 1614 ad
484 1550 649 1614 Calvinum
671 1554 767 1633 poeta
783 1553 939 1616 convertit
955 1550 997 1632 (v.
1016 1551 1059 1632 5),
1076 1575 1223 1635 quaerens

161 1676 238 1758 quid
273 1674 415 1738 homines
440 1676 478 1738 de
502 1675 613 1739 fraude
637 1677 755 1739 sentire
779 1679 837 1758 put
857 1679 879 1739 1.
927 1677 970 1740 Et
993 1677 1143 1759 quoniam
1167 1678 1223 1742 ille

155 1801 347 1865 divitiarum
370 1800 447 1863 satis
470 1799 588 1863 habere
612 1799 767 1871 videatur,
792 1799 937 1864 hortatur
961 1823 1043 1880 eum,
1060 1823 1099 1864 ne
1116 1803 1223 1865 animo
1311 1817 1313 1824 ’

162 1925 299 2003 deficiat,
336 1925 513 2007 praesertim
549 1947 617 1988 cum
655 1927 686 1988 et
720 1947 822 2006 parva·
853 1925 976 1988 iactura
1003 1927 1045 1988 sit
1068 1949 1126 1990 nee
1149 1950 1223 1990 rara

161 2051 293 2112 istorum
322 2049 478 2113 scelerum
502 2049 656 2132 exempla.
702 2047 775 2113 Non
800 2051 914 2114 debere
938 2049 997 2118 hoc
1022 2052 1140 2128 mirari,
1166 2052 1222 2134 qui

160 2174 225 2236 iam
264 2173 432 2258 sexaginta
471 2195 567 2237 annos
602 2173 726 2236 11116111.
786 2169 906 2237 Rerum
940 2197 1030 2238 usum
1066 2176 1219 2257 optimum

160 2277 352 2382 mtgistrum
387 2320 454 2360 esse
490 2297 532 2378 (v.
570 2298 641 2378 18);
677 2298 877 2380 sapientiam,
901 2321 971 2380 quae
996 2299 1113 2362 libellis
1137 2322 1217 2382 prae-

162 2426 255 2504 cepta
280 2424 342 2500 det,
366 2444 428 2485 non
453 2423 713 2484 contemnendam
737 2422 866 2505 quidem
890 2444 967 2500 esse,
993 2445 1009 2485 e
1030 2424 1097 2486 vita
1114 2426 1223 2487 tamen

161 2547 321 2616 cotidiana
355 2546 485 2609 meliora
522 2546 617 2608 etiam
653 2550 814 2628 praecepta
849 2547 930 2609 sumi
964 2568 1054 2628 posse
1087 2547 1129 2628 (v.
1155 2548 1221 2630 22).

160 2672 215 2735 Ad
248 2673 379 2734 eandem
414 2671 604 2734 sententiam
639 2674 733 2753 poeta
765 2671 850 2734 infra
873 2657 1044 2736 revertitur
1068 2677 1129 2749 (vv.
1157 2673 1220 2736 120

160 2797 243 2879 sqq.)
290 2794 388 2870 Quale
421 2796 463 2858 sit
486 2796 574 2873 illud,
599 2797 681 2878 quod
708 2794 874 2872 discamus
899 2797 926 2858 si
950 2797 1047 2860 oculis
1071 2798 1119 2860 uti
1142 2798 1222 2861 veli·

160 2943 240 3004 mue,
276 2921 348 2983 inde
373 2944 391 2982 a
413 2943 443 2984 1.
469 2922 510 2984 23
534 2921 625 2984 nobis
649 2921 797 2984 ostendit.
845 2919 972 2985 Scelera
995 2923 1112 3005 ubique
1137 2944 1222 2986 com·

161 3046 256 3122 mitti,
296 3045 410 3144 risum·
429 3067 565 3124 11161616,
589 3046 658 3128 ¹qui
694 3047 841 3127 postulet,
878 3050 913 3110 ut
947 3046 1078 3110 honeste
1113 3047 1224 3110 vivant

160 3171 312 3235 homines.
360 3167 434 3232 Non
468 3169 553 3254 fugit
587 3192 654 3248 1166,
686 3167 869 3234 Iuvenalem
893 3172 1089 3234 occasionem
1112 3177 1224 3235 vetera

162 3300 193 3359 et
228 3295 336 3358 felicia
368 3298 513 3377 tempora
548 3317 618 3357 cum
647 3317 704 3357 sua
728 3298 875 3378 corrupta
899 3298 993 3358 aetate
1018 3299 1221 3378 comparandi

161 3441 287 3503 semper
312 3421 450 3502 captare,
476 3419 564 3481 cuius
588 3419 634 3481 rei
658 3423 752 3482 antea
775 3420 876 3482 multa
900 3421 1046 3502 exempla
1068 3421 1222 3494 vidimus;

131 3557 135 3564 '
161 3546 226 3608 iam
261 3545 361 3607 altera
393 3543 515 3606 occasio
528 3544 579 3605 ad
603 3543 670 3606 eius
694 3544 778 3606 modi
802 3545 1068 3626 comparationem
1092 3545 1222 3609 institu-

162 3671 275 3732 endam
310 3668 417 3732 oblata
453 3670 510 3746 est,
546 3689 604 3730 neo
641 3667 755 3730 mirum
790 3669 817 3730 si
847 3669 957 3732 utitur.
1005 3669 1051 3732 Re
1087 3692 1163 3733 vera
1186 3669 1221 3732 hi

161 3817 270 3858 versus
294 3794 452 3875 (38—59)
476 3792 626 3876 praeclari
650 3797 733 3871 sunt,
758 3793 791 3855 in
815 3793 928 3876 quibus
954 3795 991 3856 de
1015 3795 1150 3876 pristina
1166 3795 1222 3858 illa

161 3921 321 4004 probitate
357 3910 503 3996 (11616111,
521 3941 579 3981 neo
604 3917 689 3981 aliud
712 3918 865 3981 iudicium
889 3940 955 3980 esse
981 3921 1085 4000 potest
1109 3920 1146 3982 de
1170 3921 1221 3997 iis,

162 4048 216 4132 qui
239 4047 289 4109 his
313 4051 513 4128 opponuntur
538 4043 706 4122 (eo—70).
