<?xml version="1.0" encoding="UTF-8"?>
<!DOCTYPE html PUBLIC "-//W3C//DTD XHTML 1.0 Transitional//EN"
    "http://www.w3.org/TR/xhtml1/DTD/xhtml1-transitional.dtd">
<html xmlns="http://www.w3.org/1999/xhtml" xml:lang="en" lang="en">
 <head>
  <title>
</title>
<meta http-equiv="Content-Type" content="text/html;charset=utf-8" />
  <meta name='ocr-system' content='tesseract 3.04.00' />
  <meta name='ocr-capabilities' content='ocr_page ocr_carea ocr_par ocr_line ocrx_word'/>
</head>
<body>
  <div class='ocr_page' id='page_1' title='image "./deargumentidisp00gyllgoog_0055.png"; bbox 0 0 2828 4612; ppageno 0'>
   <div class='ocr_carea' id='block_1_1' title="bbox 627 310 800 372">
    <p class='ocr_par' dir='ltr' id='par_1_1' title="bbox 627 310 800 372">
     <span class='ocr_line' id='line_1_1' title="bbox 627 310 800 372; baseline 0 -20"><span class='ocrx_word' id='word_1_1' title='bbox 627 310 800 372; x_wconf 74' lang='grc'>-48-</span> 
     </span>
    </p>
   </div>
   <div class='ocr_carea' id='block_1_2' title="bbox 183 485 1247 1554">
    <p class='ocr_par' dir='ltr' id='par_1_2' title="bbox 183 485 1247 1554">
     <span class='ocr_line' id='line_1_2' title="bbox 183 485 1247 569; baseline 0.004 -23"><span class='ocrx_word' id='word_1_2' title='bbox 183 485 213 547; x_wconf 86' lang='grc'>11</span> <span class='ocrx_word' id='word_1_3' title='bbox 247 486 426 549; x_wconf 85' lang='lat' dir='ltr'>condonari.</span> <span class='ocrx_word' id='word_1_4' title='bbox 474 485 556 560; x_wconf 81' lang='lat' dir='ltr'>Quid</span> <span class='ocrx_word' id='word_1_5' title='bbox 590 485 749 550; x_wconf 84' lang='lat' dir='ltr'>Iuvenalis</span> <span class='ocrx_word' id='word_1_6' title='bbox 784 487 852 569; x_wconf 88' lang='lat' dir='ltr'>ipse</span> <span class='ocrx_word' id='word_1_7' title='bbox 889 487 927 549; x_wconf 93' lang='lat' dir='ltr'>de</span> <span class='ocrx_word' id='word_1_8' title='bbox 956 486 1024 549; x_wconf 89' lang='lat' dir='ltr'>eius</span> <span class='ocrx_word' id='word_1_9' title='bbox 1048 487 1247 550; x_wconf 73' lang='grc'><strong>1111111110-</strong></span> 
     </span>
     <span class='ocr_line' id='line_1_3' title="bbox 184 608 294 673; baseline 0.018 -3"><span class='ocrx_word' id='word_1_10' title='bbox 184 608 294 673; x_wconf 81' lang='lat' dir='ltr'>ribus?</span> 
     </span>
     <span class='ocr_line' id='line_1_4' title="bbox 519 732 1027 808; baseline 0.002 -19"><span class='ocrx_word' id='word_1_11' title='bbox 519 732 569 789; x_wconf 90' lang='lat' dir='ltr'>sed</span> <span class='ocrx_word' id='word_1_12' title='bbox 593 751 644 790; x_wconf 87' lang='lat' dir='ltr'>vos</span> <span class='ocrx_word' id='word_1_13' title='bbox 667 750 760 790; x_wconf 68' lang='lat' dir='ltr'>serves</span> <span class='ocrx_word' id='word_1_14' title='bbox 784 732 915 808; x_wconf 76' lang='lat' dir='ltr'>inponite</span> <span class='ocrx_word' id='word_1_15' title='bbox 939 733 1027 808; x_wconf 85' lang='lat' dir='ltr'>leges,</span> 
     </span>
     <span class='ocr_line' id='line_1_5' title="bbox 288 839 985 914; baseline 0 -18"><span class='ocrx_word' id='word_1_16' title='bbox 288 841 323 896; x_wconf 89' lang='lat' dir='ltr'>ut</span> <span class='ocrx_word' id='word_1_17' title='bbox 345 839 522 914; x_wconf 69' lang='lat' dir='ltr'>praeceptori</span> <span class='ocrx_word' id='word_1_18' title='bbox 537 839 703 897; x_wconf 74' lang='lat' dir='ltr'>‘verborum</span> <span class='ocrx_word' id='word_1_19' title='bbox 726 840 831 914; x_wconf 83' lang='lat' dir='ltr'>regula</span> <span class='ocrx_word' id='word_1_20' title='bbox 855 842 985 909; x_wconf 74' lang='lat' dir='ltr'>constnt3</span> 
     </span>
     <span class='ocr_line' id='line_1_6' title="bbox 290 944 1021 1021; baseline 0.003 -19"><span class='ocrx_word' id='word_1_21' title='bbox 290 948 326 1002; x_wconf 90' lang='lat' dir='ltr'>ut</span> <span class='ocrx_word' id='word_1_22' title='bbox 348 946 429 1021; x_wconf 83' lang='lat' dir='ltr'>legat</span> <span class='ocrx_word' id='word_1_23' title='bbox 451 945 597 1015; x_wconf 86' lang='lat' dir='ltr'>historias,</span> <span class='ocrx_word' id='word_1_24' title='bbox 623 949 759 1004; x_wconf 74' lang='lat' dir='ltr'>auctores</span> <span class='ocrx_word' id='word_1_25' title='bbox 783 944 899 1003; x_wconf 88' lang='lat' dir='ltr'>noverit</span> <span class='ocrx_word' id='word_1_26' title='bbox 922 965 1021 1004; x_wconf 90' lang='lat' dir='ltr'>omnes</span> 
     </span>
     <span class='ocr_line' id='line_1_7' title="bbox 289 1053 1196 1130; baseline 0.002 -21"><span class='ocrx_word' id='word_1_27' title='bbox 289 1056 443 1127; x_wconf 87' lang='lat' dir='ltr'>tamquam</span> <span class='ocrx_word' id='word_1_28' title='bbox 466 1072 581 1128; x_wconf 84' lang='lat' dir='ltr'>ungues</span> <span class='ocrx_word' id='word_1_29' title='bbox 605 1053 772 1127; x_wconf 81' lang='lat' dir='ltr'>digitosque</span> <span class='ocrx_word' id='word_1_30' title='bbox 795 1072 879 1124; x_wconf 88' lang='lat' dir='ltr'>suos;</span> <span class='ocrx_word' id='word_1_31' title='bbox 904 1058 939 1111; x_wconf 90' lang='lat' dir='ltr'>ut</span> <span class='ocrx_word' id='word_1_32' title='bbox 963 1055 1038 1111; x_wconf 84' lang='lat' dir='ltr'>forte</span> <span class='ocrx_word' id='word_1_33' title='bbox 1061 1057 1196 1130; x_wconf 68' lang='lat' dir='ltr'>rogatus</span> 
     </span>
     <span class='ocr_line' id='line_1_8' title="bbox 288 1159 1143 1234; baseline 0.001 -18"><span class='ocrx_word' id='word_1_34' title='bbox 288 1160 358 1216; x_wconf 90' lang='lat' dir='ltr'>dum</span> <span class='ocrx_word' id='word_1_35' title='bbox 382 1159 458 1234; x_wconf 89' lang='lat' dir='ltr'>petit</span> <span class='ocrx_word' id='word_1_36' title='bbox 483 1163 536 1216; x_wconf 88' lang='lat' dir='ltr'>aut</span> <span class='ocrx_word' id='word_1_37' title='bbox 559 1160 689 1218; x_wconf 89' lang='lat' dir='ltr'>thermas</span> <span class='ocrx_word' id='word_1_38' title='bbox 713 1164 766 1217; x_wconf 87' lang='lat' dir='ltr'>aut</span> <span class='ocrx_word' id='word_1_39' title='bbox 789 1159 900 1218; x_wconf 87' lang='lat' dir='ltr'>Phoebi</span> <span class='ocrx_word' id='word_1_40' title='bbox 923 1160 1039 1229; x_wconf 86' lang='lat' dir='ltr'>balnea,</span> <span class='ocrx_word' id='word_1_41' title='bbox 1064 1160 1143 1218; x_wconf 85' lang='lat' dir='ltr'>dicat</span> 
     </span>
     <span class='ocr_line' id='line_1_9' title="bbox 286 1266 1174 1342; baseline 0.002 -20"><span class='ocrx_word' id='word_1_42' title='bbox 286 1266 430 1325; x_wconf 87' lang='lat' dir='ltr'>nutricem</span> <span class='ocrx_word' id='word_1_43' title='bbox 455 1266 600 1335; x_wconf 76' lang='lat' dir='ltr'>Anchisae,</span> <span class='ocrx_word' id='word_1_44' title='bbox 625 1286 729 1324; x_wconf 87' lang='lat' dir='ltr'>nornen</span> <span class='ocrx_word' id='word_1_45' title='bbox 754 1267 941 1342; x_wconf 79' lang='lat' dir='ltr'>patriamque</span> <span class='ocrx_word' id='word_1_46' title='bbox 965 1286 1099 1325; x_wconf 86' lang='lat' dir='ltr'>novercae</span> <span class='ocrx_word' id='word_1_47' title='bbox 1171 1312 1174 1317; x_wconf 89' lang='lat'>.</span> 
     </span>
     <span class='ocr_line' id='line_1_10' title="bbox 289 1373 1071 1447; baseline 0 -17"><span class='ocrx_word' id='word_1_48' title='bbox 289 1374 472 1442; x_wconf 81' lang='lat' dir='ltr'>Anchemoli,</span> <span class='ocrx_word' id='word_1_49' title='bbox 496 1373 582 1442; x_wconf 85' lang='lat' dir='ltr'>dicat,</span> <span class='ocrx_word' id='word_1_50' title='bbox 608 1376 681 1447; x_wconf 92' lang='lat' dir='ltr'>quot</span> <span class='ocrx_word' id='word_1_51' title='bbox 703 1373 824 1431; x_wconf 85' lang='lat' dir='ltr'>Acestes</span> <span class='ocrx_word' id='word_1_52' title='bbox 848 1374 954 1430; x_wconf 83' lang='lat' dir='ltr'>uixerit</span> <span class='ocrx_word' id='word_1_53' title='bbox 978 1373 1071 1443; x_wconf 72' lang='lat' dir='ltr'>annis</span> 
     </span>
     <span class='ocr_line' id='line_1_11' title="bbox 288 1479 1057 1554; baseline 0 -18"><span class='ocrx_word' id='word_1_54' title='bbox 288 1482 361 1553; x_wconf 91' lang='lat' dir='ltr'>quot</span> <span class='ocrx_word' id='word_1_55' title='bbox 385 1479 476 1537; x_wconf 80' lang='lat' dir='ltr'>Siculi</span> <span class='ocrx_word' id='word_1_56' title='bbox 499 1479 668 1554; x_wconf 84' lang='lat' dir='ltr'>Phrygibus</span> <span class='ocrx_word' id='word_1_57' title='bbox 691 1480 752 1538; x_wconf 83' lang='lat' dir='ltr'>vini</span> <span class='ocrx_word' id='word_1_58' title='bbox 776 1480 931 1538; x_wconf 84' lang='lat' dir='ltr'>donaverit</span> <span class='ocrx_word' id='word_1_59' title='bbox 952 1484 1057 1537; x_wconf 85' lang='lat' dir='ltr'>urnas!</span> 
     </span>
    </p>
   </div>
   <div class='ocr_carea' id='block_1_3' title="bbox 175 1641 1243 2594">
    <p class='ocr_par' dir='ltr' id='par_1_3' title="bbox 177 1641 1243 2224">
     <span class='ocr_line' id='line_1_12' title="bbox 286 1641 1242 1726; baseline 0.001 -21"><span class='ocrx_word' id='word_1_60' title='bbox 286 1641 436 1724; x_wconf 81' lang='lat' dir='ltr'>Sequitur</span> <span class='ocrx_word' id='word_1_61' title='bbox 460 1641 523 1721; x_wconf 86' lang='lat' dir='ltr'>(vv.</span> <span class='ocrx_word' id='word_1_62' title='bbox 550 1643 735 1718; x_wconf 79' lang='lat'>133—187)</span> <span class='ocrx_word' id='word_1_63' title='bbox 761 1665 797 1705; x_wconf 85' lang='lat' dir='ltr'>eu</span> <span class='ocrx_word' id='word_1_64' title='bbox 820 1665 904 1725; x_wconf 75' lang='lat' dir='ltr'>pam,</span> <span class='ocrx_word' id='word_1_65' title='bbox 929 1664 999 1725; x_wconf 87' lang='lat' dir='ltr'>quae</span> <span class='ocrx_word' id='word_1_66' title='bbox 1024 1645 1071 1706; x_wconf 87' lang='lat' dir='ltr'>est</span> <span class='ocrx_word' id='word_1_67' title='bbox 1095 1644 1133 1706; x_wconf 91' lang='lat' dir='ltr'>de</span> <span class='ocrx_word' id='word_1_68' title='bbox 1150 1643 1242 1726; x_wconf 90' lang='lat' dir='ltr'>cupi·</span> 
     </span>
     <span class='ocr_line' id='line_1_13' title="bbox 179 1764 1241 1848; baseline 0.001 -18"><span class='ocrx_word' id='word_1_69' title='bbox 179 1767 278 1830; x_wconf 87' lang='lat' dir='ltr'>ditate</span> <span class='ocrx_word' id='word_1_70' title='bbox 303 1766 405 1829; x_wconf 84' lang='lat' dir='ltr'>laudis</span> <span class='ocrx_word' id='word_1_71' title='bbox 430 1766 651 1847; x_wconf 84' lang='lat' dir='ltr'>imperatoriae.</span> <span class='ocrx_word' id='word_1_72' title='bbox 691 1764 766 1830; x_wconf 89' lang='lat' dir='ltr'>Vim</span> <span class='ocrx_word' id='word_1_73' title='bbox 790 1767 948 1848; x_wconf 86' lang='lat' dir='ltr'>quandam</span> <span class='ocrx_word' id='word_1_74' title='bbox 972 1767 1005 1829; x_wconf 88' lang='lat' dir='ltr'>in</span> <span class='ocrx_word' id='word_1_75' title='bbox 1027 1766 1078 1829; x_wconf 86' lang='lat' dir='ltr'>his</span> <span class='ocrx_word' id='word_1_76' title='bbox 1094 1767 1241 1831; x_wconf 86' lang='lat' dir='ltr'>versibus</span> 
     </span>
     <span class='ocr_line' id='line_1_14' title="bbox 177 1891 1243 1988; baseline 0.001 -34"><span class='ocrx_word' id='word_1_77' title='bbox 177 1892 293 1968; x_wconf 87' lang='lat' dir='ltr'>inesse,</span> <span class='ocrx_word' id='word_1_78' title='bbox 328 1913 391 1954; x_wconf 93' lang='lat' dir='ltr'>non</span> <span class='ocrx_word' id='word_1_79' title='bbox 422 1912 520 1974; x_wconf 81' lang='lat' dir='ltr'>nego:</span> <span class='ocrx_word' id='word_1_80' title='bbox 557 1891 709 1953; x_wconf 82' lang='lat' dir='ltr'>maiorem</span> <span class='ocrx_word' id='word_1_81' title='bbox 733 1891 886 1953; x_wconf 87' lang='lat' dir='ltr'>etiamin</span> <span class='ocrx_word' id='word_1_82' title='bbox 910 1895 1071 1975; x_wconf 76' lang='lat' dir='ltr'>carpente,</span> <span class='ocrx_word' id='word_1_83' title='bbox 1097 1914 1166 1975; x_wconf 86' lang='lat' dir='ltr'>quae</span> <span class='ocrx_word' id='word_1_84' title='bbox 1192 1898 1243 1988; x_wconf 79' lang='lat' dir='ltr'>est</span> 
     </span>
     <span class='ocr_line' id='line_1_15' title="bbox 178 1988 1241 2080; baseline 0.002 -2"><span class='ocrx_word' id='word_1_85' title='bbox 178 2017 216 2078; x_wconf 93' lang='lat' dir='ltr'>de</span> <span class='ocrx_word' id='word_1_86' title='bbox 251 1988 427 2080; x_wconf 88' lang='lat' dir='ltr'>senectute:</span> <span class='ocrx_word' id='word_1_87' title='bbox 463 2018 531 2078; x_wconf 87' lang='lat' dir='ltr'>tote</span> <span class='ocrx_word' id='word_1_88' title='bbox 565 2016 631 2078; x_wconf 85' lang='lat' dir='ltr'>fere</span> <span class='ocrx_word' id='word_1_89' title='bbox 666 2015 764 2078; x_wconf 82' lang='lat' dir='ltr'>satira</span> <span class='ocrx_word' id='word_1_90' title='bbox 800 2016 921 2079; x_wconf 87' lang='lat' dir='ltr'>decima</span> <span class='ocrx_word' id='word_1_91' title='bbox 951 2016 1109 2079; x_wconf 83' lang='lat' dir='ltr'>laudanda</span> <span class='ocrx_word' id='word_1_92' title='bbox 1134 2021 1241 2080; x_wconf 90' lang='lat' dir='ltr'>estet</span> 
     </span>
     <span class='ocr_line' id='line_1_16' title="bbox 177 2139 1192 2224; baseline 0 -21"><span class='ocrx_word' id='word_1_93' title='bbox 177 2141 217 2203; x_wconf 91' lang='lat' dir='ltr'>ob</span> <span class='ocrx_word' id='word_1_94' title='bbox 242 2144 465 2223; x_wconf 83' lang='lat' dir='ltr'>argumentum</span> <span class='ocrx_word' id='word_1_95' title='bbox 488 2139 593 2222; x_wconf 86' lang='lat' dir='ltr'>ipsum</span> <span class='ocrx_word' id='word_1_96' title='bbox 616 2143 648 2202; x_wconf 91' lang='lat' dir='ltr'>et</span> <span class='ocrx_word' id='word_1_97' title='bbox 672 2141 712 2204; x_wconf 88' lang='lat' dir='ltr'>oh</span> <span class='ocrx_word' id='word_1_98' title='bbox 736 2141 916 2224; x_wconf 82' lang='lat' dir='ltr'>argumenti</span> <span class='ocrx_word' id='word_1_99' title='bbox 940 2141 1192 2222; x_wconf 84' lang='lat' dir='ltr'>dispositionem.</span> 
     </span>
    </p>

    <p class='ocr_par' dir='ltr' id='par_1_4' title="bbox 175 2263 1240 2594">
     <span class='ocr_line' id='line_1_17' title="bbox 283 2263 1240 2344; baseline 0.003 -17"><span class='ocrx_word' id='word_1_100' title='bbox 283 2263 335 2327; x_wconf 82' lang='lat' dir='ltr'>Ad</span> <span class='ocrx_word' id='word_1_101' title='bbox 369 2288 399 2328; x_wconf 87' lang='lat' dir='ltr'>v.</span> <span class='ocrx_word' id='word_1_102' title='bbox 437 2267 499 2330; x_wconf 80' lang='lat'>138</span> <span class='ocrx_word' id='word_1_103' title='bbox 536 2263 690 2328; x_wconf 88' lang='lat' dir='ltr'>Weidner</span> <span class='ocrx_word' id='word_1_104' title='bbox 724 2267 882 2344; x_wconf 83' lang='lat' dir='ltr'>observat,</span> <span class='ocrx_word' id='word_1_105' title='bbox 913 2266 975 2328; x_wconf 81' lang='lat' dir='ltr'>tria</span> <span class='ocrx_word' id='word_1_106' title='bbox 999 2265 1054 2328; x_wconf 86' lang='grc'><strong>1111</strong></span> <span class='ocrx_word' id='word_1_107' title='bbox 1078 2266 1240 2330; x_wconf 83' lang='lat' dir='ltr'>adiectiva</span> 
     </span>
     <span class='ocr_line' id='line_1_18' title="bbox 177 2390 1238 2473; baseline 0.002 -22"><span class='ocrx_word' id='word_1_108' title='bbox 177 2390 217 2451; x_wconf 85' lang='lat' dir='ltr'>ad</span> <span class='ocrx_word' id='word_1_109' title='bbox 253 2390 509 2472; x_wconf 86' lang='lat' dir='ltr'>induperatorem</span> <span class='ocrx_word' id='word_1_110' title='bbox 544 2391 715 2473; x_wconf 72' lang='lat' dir='ltr'>pertinere,</span> <span class='ocrx_word' id='word_1_111' title='bbox 751 2391 853 2453; x_wconf 85' lang='lat' dir='ltr'>nullos</span> <span class='ocrx_word' id='word_1_112' title='bbox 888 2394 995 2453; x_wconf 86' lang='lat' dir='ltr'>tumen</span> <span class='ocrx_word' id='word_1_113' title='bbox 1029 2390 1238 2473; x_wconf 83' lang='lat' dir='ltr'>imperatores</span> 
     </span>
     <span class='ocr_line' id='line_1_19' title="bbox 175 2512 1235 2594; baseline 0.002 -18"><span class='ocrx_word' id='word_1_114' title='bbox 175 2512 334 2578; x_wconf 83' lang='lat' dir='ltr'>Romanos</span> <span class='ocrx_word' id='word_1_115' title='bbox 359 2515 607 2592; x_wconf 80' lang='lat' dir='ltr'>commemorari,</span> <span class='ocrx_word' id='word_1_116' title='bbox 632 2516 686 2578; x_wconf 91' lang='lat' dir='ltr'>sed</span> <span class='ocrx_word' id='word_1_117' title='bbox 710 2518 833 2577; x_wconf 86' lang='lat' dir='ltr'>tantum</span> <span class='ocrx_word' id='word_1_118' title='bbox 851 2513 1074 2594; x_wconf 88' lang='lat' dir='ltr'>Hannibalem,</span> <span class='ocrx_word' id='word_1_119' title='bbox 1091 2513 1235 2578; x_wconf 84' lang='lat' dir='ltr'>Alexan·</span> 
     </span>
    </p>
   </div>
   <div class='ocr_carea' id='block_1_4' title="bbox 174 2636 1235 2717">
    <p class='ocr_par' dir='ltr' id='par_1_5' title="bbox 174 2636 1235 2717">
     <span class='ocr_line' id='line_1_20' title="bbox 174 2636 1235 2717; baseline 0.002 -16"><span class='ocrx_word' id='word_1_120' title='bbox 174 2639 275 2717; x_wconf 84' lang='lat' dir='ltr'>drum,</span> <span class='ocrx_word' id='word_1_121' title='bbox 293 2637 430 2702; x_wconf 84' lang='lat' dir='ltr'>Xerxen.</span> <span class='ocrx_word' id='word_1_122' title='bbox 454 2638 553 2701; x_wconf 82' lang='lat' dir='ltr'>Recte</span> <span class='ocrx_word' id='word_1_123' title='bbox 570 2640 725 2715; x_wconf 82' lang='lat' dir='ltr'>observat,</span> <span class='ocrx_word' id='word_1_124' title='bbox 743 2639 797 2701; x_wconf 87' lang='lat' dir='ltr'>sed</span> <span class='ocrx_word' id='word_1_125' title='bbox 810 2642 918 2701; x_wconf 88' lang='lat' dir='ltr'>tamen</span> <span class='ocrx_word' id='word_1_126' title='bbox 930 2636 1089 2702; x_wconf 83' lang='lat' dir='ltr'>luvenalis</span> <span class='ocrx_word' id='word_1_127' title='bbox 1102 2661 1235 2703; x_wconf 88' lang='lat' dir='ltr'>suorum</span> 
     </span>
    </p>
   </div>
   <div class='ocr_carea' id='block_1_5' title="bbox 175 2761 1237 2845">
    <p class='ocr_par' dir='ltr' id='par_1_6' title="bbox 175 2761 1237 2845">
     <span class='ocr_line' id='line_1_21' title="bbox 175 2761 1237 2845; baseline 0.003 -20"><span class='ocrx_word' id='word_1_128' title='bbox 175 2763 291 2826; x_wconf 88' lang='lat' dir='ltr'>civium</span> <span class='ocrx_word' id='word_1_129' title='bbox 317 2785 379 2826; x_wconf 90' lang='lat' dir='ltr'>nou</span> <span class='ocrx_word' id='word_1_130' title='bbox 402 2763 495 2845; x_wconf 85' lang='lat' dir='ltr'>plane</span> <span class='ocrx_word' id='word_1_131' title='bbox 521 2763 635 2826; x_wconf 89' lang='lat' dir='ltr'>oblitus</span> <span class='ocrx_word' id='word_1_132' title='bbox 652 2766 709 2827; x_wconf 81' lang='lat' dir='ltr'>est,</span> <span class='ocrx_word' id='word_1_133' title='bbox 744 2761 817 2826; x_wconf 90' lang='lat' dir='ltr'>Non</span> <span class='ocrx_word' id='word_1_134' title='bbox 833 2762 893 2826; x_wconf 91' lang='lat' dir='ltr'>hoc</span> <span class='ocrx_word' id='word_1_135' title='bbox 909 2763 977 2827; x_wconf 88' lang='lat' dir='ltr'>loco</span> <span class='ocrx_word' id='word_1_136' title='bbox 993 2785 1100 2826; x_wconf 87' lang='lat' dir='ltr'>eorum</span> <span class='ocrx_word' id='word_1_137' title='bbox 1116 2765 1237 2828; x_wconf 88' lang='lat' dir='ltr'>mentio</span> 
     </span>
    </p>
   </div>
   <div class='ocr_carea' id='block_1_6' title="bbox 174 2887 850 3121">
    <p class='ocr_par' dir='ltr' id='par_1_7' title="bbox 174 2887 850 3121">
     <span class='ocr_line' id='line_1_22' title="bbox 174 2887 685 2969; baseline 0.004 -20"><span class='ocrx_word' id='word_1_138' title='bbox 174 2887 220 2966; x_wconf 82' lang='lat' dir='ltr'>fit,</span> <span class='ocrx_word' id='word_1_139' title='bbox 244 2889 300 2951; x_wconf 89' lang='lat' dir='ltr'>sed</span> <span class='ocrx_word' id='word_1_140' title='bbox 324 2887 419 2969; x_wconf 86' lang='lat' dir='ltr'>paulo</span> <span class='ocrx_word' id='word_1_141' title='bbox 443 2887 527 2950; x_wconf 83' lang='lat' dir='ltr'>infru</span> <span class='ocrx_word' id='word_1_142' title='bbox 549 2910 579 2951; x_wconf 88' lang='lat' dir='ltr'>v.</span> <span class='ocrx_word' id='word_1_143' title='bbox 604 2887 685 2951; x_wconf 82' lang='lat'><strong>273:</strong></span> 
     </span>
     <span class='ocr_line' id='line_1_23' title="bbox 545 3062 850 3121; baseline 0.007 -2"><span class='ocrx_word' id='word_1_144' title='bbox 545 3063 651 3120; x_wconf 87' lang='lat' dir='ltr'>festino</span> <span class='ocrx_word' id='word_1_145' title='bbox 676 3062 850 3121; x_wconf 82' lang='lat' dir='ltr'>adnostros</span> 
     </span>
    </p>
   </div>
   <div class='ocr_carea' id='block_1_7' title="bbox 169 3225 1234 3932">
    <p class='ocr_par' dir='ltr' id='par_1_8' title="bbox 169 3225 1234 3932">
     <span class='ocr_line' id='line_1_24' title="bbox 280 3225 1233 3311; baseline 0.001 -22"><span class='ocrx_word' id='word_1_146' title='bbox 280 3225 329 3290; x_wconf 88' lang='lat' dir='ltr'>Ibi</span> <span class='ocrx_word' id='word_1_147' title='bbox 359 3226 480 3290; x_wconf 85' lang='lat' dir='ltr'>Marius</span> <span class='ocrx_word' id='word_1_148' title='bbox 505 3230 537 3289; x_wconf 94' lang='lat' dir='ltr'>et</span> <span class='ocrx_word' id='word_1_149' title='bbox 560 3225 728 3310; x_wconf 89' lang='lat' dir='ltr'>Pompeius</span> <span class='ocrx_word' id='word_1_150' title='bbox 752 3226 954 3303; x_wconf 84' lang='lat' dir='ltr'>inducuntur,</span> <span class='ocrx_word' id='word_1_151' title='bbox 979 3249 1113 3309; x_wconf 91' lang='lat' dir='ltr'>quorum</span> <span class='ocrx_word' id='word_1_152' title='bbox 1136 3229 1233 3311; x_wconf 83' lang='lat' dir='ltr'>aegri-</span> 
     </span>
     <span class='ocr_line' id='line_1_25' title="bbox 172 3348 1232 3434; baseline 0.002 -21"><span class='ocrx_word' id='word_1_153' title='bbox 172 3352 298 3414; x_wconf 89' lang='lat' dir='ltr'>tudines</span> <span class='ocrx_word' id='word_1_154' title='bbox 321 3355 417 3434; x_wconf 87' lang='lat' dir='ltr'>poeta</span> <span class='ocrx_word' id='word_1_155' title='bbox 440 3352 530 3415; x_wconf 88' lang='lat' dir='ltr'>nobis</span> <span class='ocrx_word' id='word_1_156' title='bbox 555 3355 628 3414; x_wconf 82' lang='lat' dir='ltr'>ante</span> <span class='ocrx_word' id='word_1_157' title='bbox 652 3352 756 3415; x_wconf 89' lang='lat' dir='ltr'>oculos</span> <span class='ocrx_word' id='word_1_158' title='bbox 780 3351 879 3433; x_wconf 90' lang='lat' dir='ltr'>pouit.</span> <span class='ocrx_word' id='word_1_159' title='bbox 920 3348 1031 3433; x_wconf 87' lang='lat' dir='ltr'>Itaque</span> <span class='ocrx_word' id='word_1_160' title='bbox 1056 3353 1232 3415; x_wconf 79' lang='grc'><strong>11111111-</strong></span> 
     </span>
     <span class='ocr_line' id='line_1_26' title="bbox 173 3473 1234 3554; baseline 0.005 -17"><span class='ocrx_word' id='word_1_161' title='bbox 173 3476 246 3539; x_wconf 92' lang='lat' dir='ltr'>dere</span> <span class='ocrx_word' id='word_1_162' title='bbox 281 3476 435 3554; x_wconf 85' lang='lat' dir='ltr'>vclumus‚</span> <span class='ocrx_word' id='word_1_163' title='bbox 471 3473 656 3538; x_wconf 86' lang='lat' dir='ltr'>Iuvenalem</span> <span class='ocrx_word' id='word_1_164' title='bbox 689 3499 739 3541; x_wconf 87' lang='lat' dir='ltr'>vv.</span> <span class='ocrx_word' id='word_1_165' title='bbox 777 3477 947 3540; x_wconf 80' lang='lat'>133—187</span> <span class='ocrx_word' id='word_1_166' title='bbox 978 3477 1234 3542; x_wconf 82' lang='grc'><strong>11111111111</strong></span> 
     </span>
     <span class='ocr_line' id='line_1_27' title="bbox 171 3600 1232 3682; baseline 0.004 -20"><span class='ocrx_word' id='word_1_167' title='bbox 171 3600 262 3663; x_wconf 87' lang='lat' dir='ltr'>nobis</span> <span class='ocrx_word' id='word_1_168' title='bbox 298 3600 383 3678; x_wconf 82' lang='lat' dir='ltr'>dare,</span> <span class='ocrx_word' id='word_1_169' title='bbox 419 3622 489 3682; x_wconf 88' lang='lat' dir='ltr'>quae</span> <span class='ocrx_word' id='word_1_170' title='bbox 523 3623 554 3664; x_wconf 83' lang='lat' dir='ltr'>v.</span> <span class='ocrx_word' id='word_1_171' title='bbox 592 3601 653 3664; x_wconf 87' lang='grc'><strong>138</strong></span> <span class='ocrx_word' id='word_1_172' title='bbox 681 3600 870 3682; x_wconf 78' lang='lat' dir='ltr'>promiserit,</span> <span class='ocrx_word' id='word_1_173' title='bbox 895 3605 1012 3678; x_wconf 85' lang='lat' dir='ltr'>tamen,</span> <span class='ocrx_word' id='word_1_174' title='bbox 1037 3622 1107 3663; x_wconf 90' lang='lat' dir='ltr'>cum</span> <span class='ocrx_word' id='word_1_175' title='bbox 1130 3605 1232 3666; x_wconf 88' lang='lat' dir='ltr'>totam</span> 
     </span>
     <span class='ocr_line' id='line_1_28' title="bbox 172 3724 1231 3804; baseline 0.002 -17"><span class='ocrx_word' id='word_1_176' title='bbox 172 3724 304 3787; x_wconf 79' lang='lat' dir='ltr'>satiram</span> <span class='ocrx_word' id='word_1_177' title='bbox 327 3724 511 3804; x_wconf 71' lang='lat' dir='ltr'>finierimus,</span> <span class='ocrx_word' id='word_1_178' title='bbox 537 3725 631 3786; x_wconf 88' lang='lat' dir='ltr'>fidem</span> <span class='ocrx_word' id='word_1_179' title='bbox 656 3746 727 3786; x_wconf 88' lang='lat' dir='ltr'>eum</span> <span class='ocrx_word' id='word_1_180' title='bbox 743 3746 884 3788; x_wconf 88' lang='lat' dir='ltr'>servasse</span> <span class='ocrx_word' id='word_1_181' title='bbox 902 3724 1117 3788; x_wconf 84' lang='lat' dir='ltr'>concedemus.</span> <span class='ocrx_word' id='word_1_182' title='bbox 1156 3725 1231 3789; x_wconf 81' lang='lat' dir='ltr'>Ser-</span> 
     </span>
     <span class='ocr_line' id='line_1_29' title="bbox 169 3848 1230 3932; baseline 0.002 -20"><span class='ocrx_word' id='word_1_183' title='bbox 169 3849 258 3913; x_wconf 81' lang='lat' dir='ltr'>vavit</span> <span class='ocrx_word' id='word_1_184' title='bbox 291 3849 357 3911; x_wconf 86' lang='lat' dir='ltr'>sine</span> <span class='ocrx_word' id='word_1_185' title='bbox 393 3849 488 3912; x_wconf 89' lang='lat' dir='ltr'>dubio</span> <span class='ocrx_word' id='word_1_186' title='bbox 524 3848 670 3931; x_wconf 84' lang='lat' dir='ltr'>exempla</span> <span class='ocrx_word' id='word_1_187' title='bbox 704 3848 798 3912; x_wconf 85' lang='lat' dir='ltr'>Marii</span> <span class='ocrx_word' id='word_1_188' title='bbox 831 3853 862 3911; x_wconf 91' lang='lat' dir='ltr'>et</span> <span class='ocrx_word' id='word_1_189' title='bbox 896 3848 1037 3932; x_wconf 80' lang='lat' dir='ltr'>Pompei,</span> <span class='ocrx_word' id='word_1_190' title='bbox 1074 3853 1110 3912; x_wconf 89' lang='lat' dir='ltr'>ut</span> <span class='ocrx_word' id='word_1_191' title='bbox 1132 3850 1171 3912; x_wconf 89' lang='lat' dir='ltr'>iis</span> <span class='ocrx_word' id='word_1_192' title='bbox 1195 3851 1230 3914; x_wconf 86' lang='lat' dir='ltr'>in</span> 
     </span>
    </p>
   </div>
   <div class='ocr_carea' id='block_1_8' title="bbox 171 3974 1229 4056">
    <p class='ocr_par' dir='ltr' id='par_1_9' title="bbox 171 3974 1229 4056">
     <span class='ocr_line' id='line_1_30' title="bbox 171 3974 1229 4056; baseline 0.001 -19"><span class='ocrx_word' id='word_1_193' title='bbox 171 3997 208 4037; x_wconf 88' lang='grc'>11</span> <span class='ocrx_word' id='word_1_194' title='bbox 241 3977 333 4056; x_wconf 88' lang='lat' dir='ltr'>perte</span> <span class='ocrx_word' id='word_1_195' title='bbox 368 3974 473 4036; x_wconf 83' lang='lat' dir='ltr'>satirae</span> <span class='ocrx_word' id='word_1_196' title='bbox 509 3977 660 4052; x_wconf 73' lang='lat' dir='ltr'>uteretur,</span> <span class='ocrx_word' id='word_1_197' title='bbox 696 3975 728 4036; x_wconf 93' lang='lat' dir='ltr'>iu</span> <span class='ocrx_word' id='word_1_198' title='bbox 765 3995 826 4056; x_wconf 88' lang='lat' dir='ltr'>qua</span> <span class='ocrx_word' id='word_1_199' title='bbox 861 3974 1022 4037; x_wconf 85' lang='lat' dir='ltr'>miseriam</span> <span class='ocrx_word' id='word_1_200' title='bbox 1056 3977 1229 4039; x_wconf 83' lang='lat' dir='ltr'>senectutis</span> 
     </span>
    </p>
   </div>
   <div class='ocr_carea' id='block_1_9' title="bbox 0 0 1418 4612">
    <p class='ocr_par' dir='ltr' id='par_1_10' title="bbox 0 0 1418 4612">
     <span class='ocr_line' id='line_1_31' title="bbox 0 0 1418 4612; baseline 0 5"><span class='ocrx_word' id='word_1_201' title='bbox 0 0 1418 4612; x_wconf 95' lang='lat' dir='ltr'> </span> 
     </span>
    </p>
   </div>
  </div>
 </body>
</html>
