2828 4612
584 296 756 357 „53-

137 472 268 534 satiram
302 472 515 554 composuisse
540 472 638 549 aiunt,
662 471 688 534 si
712 470 872 534 Iuvenalis
894 493 955 534 non
979 471 1030 549 sit,
1055 472 1196 533 atcerte

137 601 172 659 in
195 618 315 659 unare
339 597 432 678 plane
458 597 487 658 ei
511 596 703 659 consensisse
729 596 931 660 demonstret.

244 720 413 784 Neminem
441 721 526 805 fugit
549 724 668 803 quanto
692 722 803 784 ardore
828 723 1009 803 quantaque
1032 720 1080 783 ira
1104 709 1198 783 luve-

137 846 219 908 nalis
254 846 287 908 in
322 845 483 909 Graeculos
517 846 635 910 invisos
667 846 784 928 ubique
808 845 985 909 invehatur.
1033 842 1115 908 Satis
1139 848 1198 922 est,

139 970 194 1052 qui
229 970 346 1033 curiosi
369 971 442 1048 sint,
468 971 507 1033 ad
531 971 662 1033 satiram
686 971 814 1033 tertiam
837 970 1010 1047 remittere,
1034 991 1104 1051 quae
1128 969 1199 1032 odio

139 1098 171 1157 et
205 1094 326 1158 invidia
361 1095 510 1158 abundat.
570 1094 643 1158 Sine
678 1095 774 1158 dubio
809 1094 867 1156 hos
903 1094 1062 1158 Graeculos
1100 1093 1200 1156 nimia

140 1219 311 1282 severitate
347 1220 476 1282 iudicat.
523 1217 630 1283 Seduli
666 1224 756 1282 erant
784 1222 816 1282 et
838 1219 979 1303 impigri,
1003 1240 1128 1301 semper
1151 1221 1200 1280 at-

137 1344 230 1420 tenti,
244 1366 306 1426 quo
319 1344 410 1407 modo
422 1346 561 1426 quaestus
575 1344 635 1408 sibi
653 1344 896 1420 constituerent3
914 1344 1003 1406 infidi
1020 1343 1154 1405 fortasse
1168 1346 1200 1404 et

139 1467 223 1545 falsi,
246 1469 301 1531 sed
317 1471 424 1531 tamen
439 1469 597 1545 meliores
615 1491 710 1551 quam
727 1469 809 1551 apud
826 1466 1009 1531 Iuvenalem
1025 1468 1199 1551 finguntur.

138 1590 321 1675 Utcumque
357 1596 414 1669 est,
451 1591 610 1656 luvenalis
646 1615 684 1656 ex
707 1593 818 1656 intimo
842 1593 946 1656 animo
970 1614 1021 1655 eos
1045 1592 1200 1674 despexit.

139 1715 247 1799 Atque
282 1721 317 1780 ut
351 1717 412 1780 sibi
448 1721 580 1795 constet,
616 1718 650 1779 in
674 1717 796 1781 decima
818 1717 916 1779 satira.
939 1717 978 1779 iis
1002 1739 1064 1780 non
1087 1715 1200 1799 parcit.

141 1838 299 1905 Notamus
322 1841 379 1904 hos
402 1863 528 1905 versus:

258 2038 261 2043 .
566 1981 710 2055 quidquid
735 1981 849 2039 Graecia
872 1982 997 2039 mendax

354 2088 444 2145 audet
467 2087 496 2144 in
520 2087 643 2145 historia
683 2085 722 2157 (v.
751 2086 824 2157 174)

265 2231 294 2286 et
316 2228 440 2287 madidis
465 2233 567 2287 cantat
591 2248 656 2302 quac
681 2229 833 2286 Sostratus
858 2230 910 2286 alis
951 2226 991 2297 (v.
1019 2226 1094 2297 178)

263 2354 371 2411 magno
395 2336 420 2393 si
443 2336 607 2410 quidquam
631 2336 723 2392 credis
748 2336 876 2393 Homero
915 2333 955 2404 (v.
982 2334 1057 2405 246)

143 2471 208 2536 Ofr.
232 2469 320 2536 XIV.
346 2474 426 2536 240:
463 2479 486 2536 si
512 2477 626 2536 Graecia
649 2498 719 2536 vera

249 2613 321 2678 XV.
349 2615 428 2678 117:
571 2624 606 2678 ut
630 2621 688 2677 iam
712 2639 779 2695 quae
803 2608 933 2679 carmina
957 2620 1082 2677 tradunt
1242 2606 1271 2643 '

469 2727 558 2802 digna
580 2727 636 2784 fide
661 2728 761 2785 credas

249 2885 380 2952 Nullam
409 2893 516 2972 aptam
541 2893 595 2952 aut
618 2891 838 2953 consuetudini
861 2888 1021 2954 Iuvenalis
1045 2889 1203 2954 scribendi

75 3006 78 3012 ¹
145 3017 389 3077 consentaneam
424 3015 612 3077 sententiam
644 3015 723 3093 fieri,
760 3016 820 3078 nisi
844 3018 966 3079 mutato
989 3015 1081 3098 signo
1104 3015 1204 3077 inter-

143 3138 308 3222 pungendi
343 3137 385 3219 (v.
412 3138 498 3219 176),
535 3139 672 3202 Kiaerius
709 3139 852 3221 docet1).
899 3137 1088 3223 interpungi
1123 3138 1205 3201 solet

144 3265 216 3344 post
250 3284 360 3326 vocem
394 3285 491 3326 mare.
539 3261 619 3326 Tum
654 3287 729 3327 vero
756 3265 853 3327 trium
875 3265 1087 3328 membrorum
1112 3263 1204 3345 (veli-

144 3387 257 3449 ficatus
295 3385 396 3450 Athos
434 3423 473 3431 —
508 3388 663 3470 quidquid
688 3387 810 3452 Graecia
835 3390 929 3451 audet
955 3425 994 3433 -
1018 3409 1105 3451 mare
1129 3410 1205 3451 con-

145 3511 293 3588 stratum)
318 3534 336 3573 a
358 3533 434 3575 voce
459 3512 598 3575 creditur
621 3513 837 3595 pendentium,
862 3512 1009 3575 ultimum
1032 3534 1089 3595 per
1111 3534 1202 3595 asyn-

146 3635 242 3698 deton
281 3636 423 3698 additum
463 3638 511 3698 est
546 3635 653 3719 (quod,
689 3637 744 3700 ubi
778 3636 993 3720 praecedentia
1027 3636 1204 3718 copulative
1301 3678 1306 3686 ·

146 3759 256 3822 iuncta
289 3759 363 3838 sint,
399 3761 482 3842 apud
518 3758 702 3824 Iuvenalem
736 3784 891 3844 nusquam
921 3761 1000 3840 fieri,
1025 3762 1134 3824 doctus
1158 3759 1207 3824 vir

255 3968 275 4037 ¹)
295 3972 373 4024 Krnn
391 3972 409 4023 l.
429 3971 447 4024 l.
466 3990 512 4041 pp.
532 3973 565 4026 87
585 3990 644 4040 sqq.
