2828 4612
553 279 726 341 ..54-

105 450 221 534 docet).
270 451 399 551 Comma
434 454 536 537 igitur
569 458 640 538 post
664 457 831 534 credimus,
854 478 916 521 non
940 461 1023 536 ante,
1048 480 1177 540 ponen-

105 575 179 638 dum
204 579 261 639 est.

132 697 136 704 ’
211 698 362 784 Sequitur
392 701 457 782 (vv.
483 704 671 784 iss-288)
696 726 733 767 ea
756 727 841 787 pars,
865 705 898 767 in
922 716 984 788 qua'
1007 709 1106 788 poeta
1132 707 1174 769 de

75 858 78 866 ‚
103 823 240 886 miseriis
264 826 437 889 senectutis
462 827 605 904 disserit;
641 848 720 908 quas
744 828 887 890 miserias
911 830 1075 911 tamquam
1100 830 1174 911 ipse

103 951 254 1030 expertus
285 949 399 1012 vividis
424 950 580 1013 coloribus
606 951 760 1034 depingit,
785 952 861 1014 satis
885 952 939 1014 diu
962 952 995 1015 in
1018 953 1058 1015 iis
1082 974 1174 1016 com-

103 1094 240 1151 morans,
266 1094 337 1136 cum
361 1075 532 1137 maximam
557 1075 663 1137 satirae
686 1079 809 1157 partein
835 1075 993 1157 expleant.
1034 1075 1174 1140 Poetam

103 1197 200 1258 finem
236 1201 267 1260 et
301 1198 430 1261 modum
464 1199 612 1275 transire,
649 1199 751 1280 quivis
779 1199 873 1262 facile
898 1200 1068 1280 intellegit,
1093 1223 1174 1265 nam

104 1322 189 1385 laetae
213 1322 387 1405 viridisque
412 1300 585 1385 senectutis
609 1322 762 1404 exemplis
785 1323 880 1405 plane
904 1324 1039 1404 omissis,
1063 1325 1176 1389 tristia
1245 1356 1249 1361 ·

100 1449 227 1509 tantum
251 1447 344 1509 modo
368 1451 400 1509 et
423 1446 648 1509 sollicitudinis
664 1446 759 1528 plena
776 1448 1010 1510 animadvertit.
1045 1447 1174 1513 Tamen

102 1573 134 1632 et
169 1593 281 1633 verum
316 1574 348 1633 et
384 1571 608 1654 gravissimum
643 1591 728 1653 saepe
752 1571 830 1634 illud
859 1574 915 1649 est,
940 1573 1023 1654 quod
1047 1578 1171 1652 monet,

101 1698 136 1757 ut
160 1695 258 1757 etiam
282 1694 519 1757 concedendum
543 1697 600 1769 est,
625 1694 726 1756 multa
750 1716 789 1756 ex
812 1695 860 1772 iis,
885 1717 956 1777 quae
981 1696 1019 1758 de
1036 1698 1172 1761 senibus

102 1818 254 1900 disputat,
281 1819 359 1880 adeo
383 1819 488 1880 iocosa
512 1839 590 1893 esse,
615 1819 650 1879 ut
674 1817 772 1879 risum
795 1818 848 1880 vix
871 1822 1046 1884 teneamus,

209 1941 384 2024 Dispositio
420 1941 531 2004 eadem
566 1941 633 2003 fere
657 1944 705 2003 est
729 1944 823 2024 atque
847 1943 878 2004 iu
902 1964 953 2006 vv.
979 1936 1172 2009 133—187.

100 2065 146 2130 Ut
180 2067 212 2129 in
248 2066 298 2143 iis,
335 2065 380 2129 sic
403 2066 436 2127 in
459 2064 510 2128 his
534 2085 659 2146 quoque
683 2065 748 2126 iam
771 2065 804 2127 in
826 2065 928 2147 primo
951 2089 1044 2130 versu
1070 2091 1172 2153 argu-

100 2193 244 2254 mentum
280 2190 458 2272 exponitur,
507 2187 595 2262 Quod
627 2191 784 2270 praeterea
818 2189 850 2250 in
879 2192 946 2252 tota
969 2192 1069 2254 satira
1094 2193 1172 2256 dili·

100 2320 215 2400 genter
239 2317 442 2378 observatum
466 2313 619 2376 videmus.
667 2311 733 2376 ofr.
758 2311 814 2374 hos
838 2335 964 2378 versus:

160 2472 305 2548 quosdam
329 2470 498 2545 praecipitat
520 2468 653 2526 subiecta
672 2464 812 2544 potentio
835 2487 949 2544 magnae
989 2467 1056 2541 (56)

160 2573 313 2656 cloquium
338 2595 372 2634 ac
396 2577 506 2632 sarnam
530 2573 736 2631 Demosthenis
761 2577 814 2630 aut
838 2573 983 2632 Ciceronis
1023 2575 1117 2648 (114)

159 2680 308 2742 bellorum
332 2677 459 2756 exuvies,
483 2680 596 2737 truncis
621 2678 716 2735 adfixa
740 2679 858 2752 tropaeis
898 2679 987 2751 (133)

160 2792 196 2848 da
221 2785 359 2867 spatium
382 2783 461 2860 citoe,
487 2787 596 2843 multos
621 2785 667 2854 da,
693 2784 837 2858 luppiter,
864 2805 954 2844 annos
994 2787 1085 2859 (188)
1143 2841 1148 2847 .
1219 2807 1221 2811 ’

158 2892 298 2973 sormam
322 2898 409 2970 optat
432 2893 547 2952 modico
570 2891 679 2967 pueris,
706 2890 815 2947 maiore
838 2893 944 2965 puellis
983 2894 1074 2966 (289)

207 3058 308 3133 Quem
344 3057 384 3119 ad
418 3056 547 3118 modum
571 3056 665 3135 poeta
687 3074 738 3115 vv.
765 3052 936 3115 133-187
961 3056 1103 3136 primuni
1128 3061 1170 3124 de

97 3175 239 3251 vanitate
276 3181 388 3266 gloriae
425 3178 570 3241 universe
604 3176 682 3259 agit,
708 3174 820 3236 deinde
844 3175 884 3237 ad
908 3178 1064 3260 exempla,
1088 3182 1112 3246 i.
1139 3206 1169 3248 e.

98 3311 138 3373 ad
171 3309 380 3390 imperatores
404 3304 499 3386 ipsos,
531 3299 656 3377 transit,
682 3297 727 3360 sic
751 3320 800 3360 vv.
827 3299 999 3363 188-288
1024 3305 1171 3384 primum

98 3455 151 3497 eas
175 3431 320 3496 miserias
345 3413 524 3513 generatim
547 3423 718 3499 examinat,
742 3443 812 3503 quae
837 3425 1007 3486 senectutis
1024 3431 1169 3511 propriae

96 3561 180 3635 sunt,
218 3559 389 3636 antequam
426 3551 465 3612 ad
500 3546 664 3611 notissima
698 3544 754 3607 illa
778 3533 923 3626 exempla
946 3549 1065 3628 veniat,
1091 3538 1169 3635 qnae

1 3662 4 3667 '
94 3683 169 3746 inde
206 3705 224 3744 a
255 3703 284 3744 v,
311 3679 375 3741 246
400 3672 635 3737 enumerantur.
682 3667 828 3730 Extremi
851 3690 960 3732 versus
985 3660 1169 3742 ass-'288

94 3809 178 3871 hanc
212 3804 320 3867 satirae
345 3802 470 3883 partem
495 3798 569 3878 apte
594 3791 794 3866 concludunt,
819 3791 1066 3876 dissimulanter,
1092 3801 1170 3883 opi.

94 3953 163 4011 nor,
197 3930 245 3993 illi
280 3926 411 4010 quidem
445 3920 501 3983 sed
537 3915 695 3980 sententia
729 3915 811 3977 bona
846 3919 902 3994 est,
937 3939 1009 3981 cum
1033 3923 1171 3989 senibus
