2828 4612
1136 226 1151 283 t

618 322 789 386 „93-

172 500 224 579 sit,
258 505 294 562 ut
325 522 420 563 ovum
443 522 501 562 ovo
524 500 657 563 similius
682 523 749 564 esse
774 523 835 564 non
858 501 966 583 possit.
1013 498 1105 574 Quod
1130 499 1161 563 ei
1184 498 1235 563 vix

174 625 338 687 assentior.
386 623 446 688 Vv.
483 625 613 688 38-70
647 628 741 707 poeto
776 625 821 688 ita
854 624 1000 708 disponit,
1036 629 1073 687 ut
1095 624 1234 708 primum

170 749 210 812 'de
246 749 385 832 antiquis
420 749 617 831 temporibus
640 772 689 813 vv.
715 752 844 814 38—59
870 749 1027 832 loquatur,
1054 748 1173 813 deinde
1197 749 1234 812 iis

172 895 237 936 suae
273 873 376 936 aetatis
411 872 553 937 homines
588 877 728 956 opponat
761 897 811 938 vv.
841 874 980 937 60—70.
1030 872 1145 936 Altero
1168 873 1233 937 loco

172 997 235 1078 (vv.
274 998 424 1061 70—1‘20
460 998 510 1061 vel
540 998 646 1080 potius
672 999 833 1076 75-119,
858 1021 928 1061 narn
955 1019 1008 1061 eos
1031 1002 1162 1061 tantum
1184 1017 1233 1061 re-

172 1122 267 1204 spicit
301 1122 528 1207 Mosengelius)
565 1145 666 1186 senno
702 1128 750 1186 est
784 1124 822 1186 de
847 1124 895 1201 iis,
920 1122 975 1206 qul
998 1123 1150 1205 peierant
1170 1121 1229 1205 ξπ.
1274 1130 1276 1137 ’

174 1248 315 1323 75-85)
352 1248 452 1330 deque
489 1248 602 1326 causis,
637 1248 751 1330 quilurs
776 1248 920 1311 fraudem
948 1269 1037 1310 suam
1063 1247 1230 1311 defendere
1271 1258 1274 1263 '

173 1372 398 1454 student‘(vv.
436 1371 611 1451 862111).
640 1372 753 1434 deinde
788 1395 837 1434 vv.
865 1372 1038 1437 112---119
1064 1358 1229 1443 adduntur,

173 1496 420 1560 exclamationes
456 1497 659 1578 deceptorum
683 1495 845 1559 hominum
870 1497 1076 1559 continentes,
1124 1495 1229 1581 Argu-

171 1624 313 1684 mentum
351 1622 451 1704 igitur
486 1644 548 1684 non
583 1621 666 1682 idem
702 1625 750 1683 est
784 1625 916 1704 utroque
951 1621 1019 1685 loco
1052 1621 1228 1684 dicendum.

171 1744 402 1829 Mosengelius:
427 1745 610 1822 revolvitur,
635 1746 748 1828 inquit,
772 1750 865 1827 poeta
889 1768 938 1808 vv.
958 1728 1110 1809 75—'120
1129 1745 1228 1822 adea,
1273 1722 1276 1729 ¹

172 1891 242 1951 quae
278 1869 341 1931 ianr
376 1873 469 1931 antea
503 1869 647 1950 pluribus
682 1869 787 1933 verbis
812 1873 995 1952 persecutus
1021 1873 1083 1934 est:
1108 1890 1226 1932 omnem
1269 1916 1272 1921 -

172 1993 364 2074 probitatem
389 1994 552 2056 evanuisse
576 2015 678 2075 neque
702 2015 892 2077 quemquam
909 1994 1055 2073 inveniri,
1073 1995 1129 2077 qui
1145 1995 1228 2077 peie-

172 2139 242 2181 rare
279 2117 411 2180 dubitet.
466 2115 536 2195 Sed,
572 2120 725 2200 quantuni
760 2139 819 2201 ego
854 2119 955 2195 video,
990 2141 1040 2182 vv.
1080 2104 1229 2182 7‘5-119
1269 2166 1272 2171 -

173 2242 278 2304 omnia
315 2243 354 2305 ad
389 2263 452 2320 eos,
487 2242 541 2325 qui
576 2243 731 2325 peierant,
767 2242 957 2320 referuntur,
982 2265 1077 2325 quam
1102 2245 1142 2307 ob
1167 2265 1230 2306 rem
1272 2296 1275 2303 .

173 2367 276 2429 dicere
301 2388 363 2429 non
386 2388 561 2449 possumus,
586 2369 714 2448 poetam
737 2370 861 2429 tantum
882 2367 974 2430 modo
992 2367 1031 2429 ad
1048 2389 1087 2430 ea
1104 2367 1231 2442 revolvi,

74 2497 77 2503 ’
172 2512 242 2572 quae
267 2491 330 2554 iam
354 2494 448 2553 antea
472 2494 656 2573 persecutus
680 2491 729 2560 sit,
755 2513 827 2553 nam
853 2492 890 2554 de
914 2491 995 2554 falso
1013 2492 1082 2554 iure
1100 2491 1233 2554 iurando

140 2682 144 2688 ,
172 2637 222 2678 π.
255 2617 383 2679 38-70
408 2615 534 2677 omnino
558 2614 638 2676 nihil
663 2614 748 2692 dicit,
773 2637 812 2676 ne
837 2615 923 2678 inv.
949 2616 989 2679 60
1014 2615 1156 2698 quidem,
1182 2615 1234 2699 qui

171 2760 252 2800 unus
288 2738 405 2801 adferri
439 2739 554 2820 possit3
590 2741 698 2801 contra
726 2762 755 2801 v.
781 2741 821 2802 36
846 2740 965 2821 paucis,
990 2762 1052 2802 non
1076 2738 1235 2821 pluribus,

172 2862 277 2925 verbis
302 2884 354 2925 eos
378 2863 469 2944 quasi
492 2863 677 2944 praeteriens
700 2866 799 2941 notat,
824 2864 878 2946 qui
901 2864 1047 2945 peierant
1070 2885 1130 2927 nec
1154 2865 1238 2929 ullos

173 2987 247 3049 deos
283 3007 350 3048 esse
388 2988 592 3051 arbitrantur.
639 2985 735 3049 Redit
770 2988 871 3070 igitur
905 2987 1042 3069 quodam
1065 2989 1163 3052 modo
1187 3013 1237 3054 vv.

174 3110 325 3174 75-120
361 3111 400 3173 ad
434 3133 502 3173 eam
527 3111 717 3173 sententiam
741 3112 868 3174 uberius
893 3114 925 3173 et
948 3111 1107 3192 copiosius
1132 3115 1241 3197 expli-

173 3236 317 3312 candam,
341 3257 436 3317 quam
459 3258 489 3298 v.
520 3237 559 3298 36
585 3235 724 3297 breviter
748 3235 949 3319 significavit,
974 3236 1028 3297 sed
1052 3257 1117 3298 non
1141 3240 1245 3315 redit,¹

173 3362 208 3421 ut
244 3359 499 3441 disputationem,
533 3359 626 3441 plane
664 3360 796 3422 eandem
819 3380 885 3421 rem
910 3360 1094 3440 repetendo,
1121 3382 1242 3443 parum

175 3487 249 3566 apte
272 3485 493 3566 interrumpat.
535 3482 603 3545 Hac
628 3484 840 3565 disputatione
865 3481 927 3561 (vv.
947 3481 1116 3564 75-119)
1134 3485 1244 3565 finita,

172 3608 277 3690 inquit
299 3606 524 3690 MosengeliuS,
553 3609 646 3688 poeta
670 3608 710 3671 ad
734 3606 868 3668 alterum
893 3605 971 3668 illud
996 3613 1244 3689 argumentum,

173 3732 257 3814 quod
280 3732 343 3793 iam
367 3753 463 3812 supra
487 3730 529 3811 (v.
556 3729 610 3810 70)
633 3729 746 3792 leviter
769 3729 888 3812 tetigit,
904 3730 988 3791 redit
1004 3733 1035 3791 et
1051 3731 1099 3792 ita
1116 3736 1244 3818 pergit,

173 3857 208 3917 ut
231 3854 311 3917 nihil
335 3854 549 3916 intermissum
573 3875 640 3915 esse
662 3853 817 3916 videatur.
865 3851 923 3915 Est
945 3852 1067 3915 reditus
1091 3856 1247 3936 quidam,

172 4000 235 4073 non
270 3977 398 4056 infitior,
422 3999 524 4060 neque
547 3980 654 4039 tamen
678 3999 748 4059 quae
772 3999 821 4040 vv.
848 3977 910 4038 120
935 3997 1003 4058 sqq.
1029 3976 1248 4060 disputantur
