2828 4612
498 1228 648 1338 Satira
687 1229 774 1339 XV.

214 1459 351 1524 Satiram
374 1461 519 1543 quintam
543 1461 698 1523 decimam
723 1456 827 1538 abeo,
852 1462 892 1524 ad
908 1483 1001 1543 quem
1018 1460 1165 1539 refertur,

107 1586 315 1668 conscriptam
353 1607 431 1663 esse,
467 1586 559 1648 multi
595 1608 656 1648 non
690 1589 814 1667 putant,
850 1608 912 1669 qua
945 1587 983 1648 de
1018 1608 1052 1648 re
1082 1586 1166 1648 infra

106 1710 326 1788 iudicabimuS,
352 1731 423 1772 111111
447 1710 540 1792 quale
565 1714 787 1793 argumentum
803 1712 908 1774 satirae
926 1711 967 1773 sit
982 1710 1163 1774 viderimus¹

213 1830 251 1895 In
285 1835 414 1898 exordio
448 1838 542 1917 poeta
578 1836 646 1919 agit
670 1836 707 1899 de
732 1835 1009 1918 superstitionibus
1032 1834 1165 1918 Aegyp-

106 1958 233 2036 tiorum,
271 1959 354 2041 apud
389 1982 466 2042 quos
500 1960 589 2023 varia
624 1961 773 2023 animalia
796 1964 972 2044 ,tamquam
1006 1961 1081 2023 deos
1105 1960 1164 2024 ooli

106 2083 261 2161 ostendit;
286 2084 464 2168 Aegyptios
481 2085 581 2168 igitur
597 2106 690 2147 earne
707 2085 819 2148 horum
836 2085 1020 2148 animalium
1035 2085 1165 2169 religio-

105 2208 227 2271 sissime
252 2230 285 2271 se
310 2209 479 2286 abstinere,
504 2210 586 2291 quod
611 2210 649 2272 de
673 2209 781 2273 herbis
805 2232 929 2291 quoque
947 2211 1042 2272 certis
1058 2210 1164 2272 valere

106 2332 310 2396 demonstrat.
357 2331 458 2396 Nefas
481 2333 547 2396 illio
571 2355 639 2396 esse
664 2334 813 2397 animalia
837 2334 992 2417 iugulare,
1018 2334 1164 2396 humanis

106 2458 289 2540 corporibus
313 2458 399 2521 vesei
422 2459 517 2521 lioere
542 2458 605 2537 (vv.
632 2460 762 2534 1—13).
809 2458 909 2535 Talia,
933 2458 1037 2541 inquit
1060 2462 1163 2540 poeta,

106 2603 176 2644 oum
212 2580 324 2645 Ulixes
359 2582 547 2646 Phaeaoibus
581 2588 735 2662 narraret,
766 2588 802 2647 ut
824 2585 960 2646 mendax
984 2583 1164 2668 aretalogus

105 2706 218 2769 merito
252 2707 286 2768 in
316 2729 403 2769 maro
428 2707 510 2770 abici
535 2708 680 2787 debebat,
705 2730 807 2791 neque
831 2709 863 2770 id
886 2709 1011 2781 mirum,
1037 2729 1108 2770 oum
1131 2708 1165 2771 in

106 2831 242 2894 anilibus
274 2831 400 2894 fabellis
424 2833 589 2894 narrandis
613 2833 715 2897 nullos
739 2836 836 2896 testes
859 2834 1033 2915 producere
1057 2836 1165 2915 posset

106 2954 169 3035 (vv.
208 2956 362 3038 14-26).
409 2954 448 3019 Se
483 2978 558 3020 vero
592 2960 687 3039 poeta
719 2958 883 3020 confirmat
906 2980 971 3020 rem
998 2961 1164 3020 enarratu·

106 3100 187 3157 rum,
211 3101 273 3142 non
297 3080 401 3142 minus
425 3081 654 3160 incredibilem,
679 3082 734 3144 sed
757 3081 857 3145 nihilo
880 3083 983 3144 minus
1007 3104 1116 3144 veram
1132 3086 1164 3145 et

106 3205 296 3268 testimoniis
319 3206 491 3269 multorum
514 3207 643 3269 testium
668 3208 904 3289 comprobatam
928 3207 990 3288 (vv.
1009 3207 1163 3289 27--32).

212 3328 340 3393 Transit
374 3331 473 3414 igitur
508 3332 547 3393 ad
582 3331 704 3394 facinus
739 3332 897 3415 quoddam
933 3333 1163 3414 exponendum,

105 3438 189 3535 quod
213 3454 246 3516 in
269 3453 420 3538 Aegypto
443 3476 505 3517 non
528 3455 627 3519 multo
650 3459 725 3518 ante
742 3457 942 3520 commissum
959 3460 1036 3520 erat.
1076 3454 1164 3520 luter

107 3577 183 3640 duas
207 3578 327 3641 vicinas
358 3582 486 3663 gentes,
505 3577 648 3642 Ombitas
672 3584 704 3643 et
727 3579 919 3667 Tentyritae,
945 3603 1016 3644 oum
1039 3585 1163 3644 veteres

106 3705 211 3764 essent
245 3703 432 3780 simultates,
468 3704 596 3766 tandem
620 3726 687 3767 rem
711 3726 749 3786 eo
771 3705 905 3782 venisse,
930 3708 966 3768 ut
989 3704 1163 3788 Tentyritae

52 3856 57 3862 ·
105 3825 236 3889 insidias
260 3826 396 3892 Ombitis
419 3832 579 3910 pararent,
603 3829 768 3892 victoriam
790 3853 822 3892 se
839 3830 931 3893 facile
949 3834 1163 3911 reportaturos
1255 3826 1258 3831 ’

105 3955 270 4033 sperantes
306 3954 345 4017 ab
381 3950 580 4029 adversariis,
617 3954 670 4036 qui
704 3954 735 4016 in
761 3977 797 4018 eo
821 3956 965 4037 occupati
990 3958 1103 4033 essent,
1129 3959 1164 4017 ut
