2828 4612
621 267 793 359 „384

177 477 233 541 sed
267 498 329 560 quo
364 476 455 538 modo
491 473 619 558 legendi
653 474 726 549 sint,
761 494 878 558 magna
902 476 950 535 est
973 471 1126 535 dissensio
1151 472 1244 535 inter

176 601 259 665 viros
283 601 398 687 doctos
446 596 484 660 In
508 599 575 662 cod.
600 596 635 662 P.
659 597 718 660 hoc
742 598 835 660 modo
858 597 1054 660 scribuntur:

304 792 374 849 ergo
397 791 580 847 supervacua
604 774 657 830 aut
679 771 841 846 perniciosa
864 774 1018 846 petuntur,

305 881 427 955 propter
451 898 517 955 quae
541 880 585 936 fas
609 881 653 936 est
676 897 773 955 genua
797 879 928 937 incerare
952 877 1074 935 deorum

281 1058 441 1135 Quaeritur
474 1059 713 1143 probabilemne
748 1059 938 1122 sententiam
962 1058 1006 1121 sic
1030 1057 1142 1140 scripti
1166 1058 1240 1122 effi-

176 1186 270 1249 ciant.
317 1183 479 1267 Optimam
514 1206 608 1259 sane3
642 1206 717 1247 nam
753 1188 785 1247 et
820 1205 866 1260 ea,
891 1205 960 1266 quae
985 1186 1240 1259 antecesserunt,

175 1332 260 1374 ruore
303 1308 463 1374 Iuvenalis
502 1311 642 1374 breviter
676 1309 997 1392 comprehenduntur,
1037 1311 1068 1370 et
1107 1308 1239 1372 additur

77 1499 79 1503 ,
174 1456 293 1512 verena,
326 1435 381 1516 qui
405 1435 647 1517 perversitatem
670 1433 833 1497 hominum
856 1438 1001 1497 votorum
1024 1433 1136 1496 facetis
1159 1455 1237 1497 ver·

175 1561 223 1624 bis
258 1560 373 1624 illudit.
419 1558 530 1623 Nihilo
560 1560 668 1622 minus
687 1559 781 1623 lectio
806 1559 922 1622 codicis
946 1558 1075 1641 probari
1098 1557 1152 1622 vix
1176 1581 1238 1641 po-

173 1687 246 1762 test,
281 1706 355 1747 nam
389 1683 495 1746 hiatus
529 1683 583 1747 ille
614 1687 685 1766 post
708 1704 904 1767 supervacua
926 1683 1058 1746 nimium
1081 1681 1236 1746 molestus

174 1811 231 1872 est.
279 1807 377 1884 Solus,
413 1812 566 1892 quantum
601 1809 675 1886 scio,
712 1807 916 1871 Heinrichius
951 1806 1033 1870 hanc
1063 1806 1236 1871 lectionem

174 1934 299 1997 retinet.
1014 1928 1017 1932 ’

282 2056 487 2141 Reliquorum
525 2058 676 2121 iudicium
716 2058 830 2120 mirum
869 2061 1023 2140 quantum
1062 2057 1236 2139 discrepat.

174 2182 416 2246 Doederleinius
440 2185 512 2265 post
535 2185 589 2245 aut
613 2182 802 2275 particulam
825 2181 875 2245 vel
899 2183 1026 2246 inserit:

301 2377 372 2433 ergo
395 2377 578 2432 supervacua
603 2361 656 2416 aut
678 2360 726 2416 vel
748 2359 911 2433 perniciosa
934 2361 1088 2433 petuntur,

302 2470 424 2540 propter
447 2484 513 2541 quae
536 2466 581 2523 fas
605 2468 649 2522 ast
673 2484 769 2540 genua
793 2465 924 2521 incerare
949 2464 1072 2521 deorum

174 2626 261 2710 Apta
284 2649 358 2690 sane
384 2627 572 2705 coniectura,
597 2628 765 2710 adquam,
790 2627 903 2691 ceteris
928 2626 1125 2704 examinatis
1148 2626 1237 2691 infra

173 2752 357 2816 redibimus,
372 2784 374 2789 ·

281 2877 469 2940 Emendatio
493 2875 708 2940 Lachmanni:

303 3070 372 3126 ergo
396 3071 581 3127 supervacua
606 3055 659 3109 aut
682 3052 728 3110 vel
752 3051 914 3127 perniciosa
937 3053 1094 3125 petantur:

305 3161 426 3233 propter
450 3177 515 3232 quae
539 3160 584 3215 fas
608 3163 652 3217 est
675 3161 771 3234 genua
794 3159 924 3216 incerare
948 3158 1091 3215 deorum?

174 3363 236 3404 nou
270 3339 442 3422 probabilis
478 3342 535 3417 est,
572 3360 643 3403 eum
678 3342 710 3402 et
744 3338 837 3404 lectio
873 3340 940 3403 cod.
976 3337 1013 3402 P.
1041 3338 1235 3430 plusquam

174 3486 252 3547 opus
287 3466 335 3526 est
369 3466 519 3539 mutetur,
555 3468 587 3527 ct
610 3464 717 3529 addito
740 3465 831 3548 signo
854 3464 1113 3548 interrogationis
1137 3463 1236 3530 facile
1316 3464 1318 3469 ’

174 3588 375 3666 adducamur,
407 3591 442 3651 ut
465 3586 648 3653 Iuvenalem
671 3590 797 3654 omnino
821 3590 968 3672 precibus
993 3589 1122 3652 deorum
1147 3591 1236 3653 tute·

173 3713 237 3776 lam
272 3716 421 3796 expetere
457 3715 596 3779 alienum
630 3717 742 3797 putare
771 3715 945 3791 credamus,
969 3714 1052 3796 quod
1075 3713 1114 3775 iis
1138 3714 1235 3779 valde

173 3841 341 3922 repugnat,
365 3861 436 3922 quae
459 3839 544 3903 infra
567 3863 618 3905 vv.
642 3840 816 3904 354-362
840 3838 1001 3920 leguntur.

279 3962 460 4048 Madvigius
484 3968 516 4028 et
540 3987 610 4029 oum
634 3987 670 4029 eo
694 3961 824 4027 Iahnius
847 3963 1006 4027 scribunt:
