2828 4612
624 297 795 361 ,63-

174 475 403 557 percipiantur,
439 478 533 557 atque
568 497 605 538 eo
641 475 761 538 maiora
796 497 858 557 quo
882 475 1007 557 parcius
1029 473 1171 538 homines
1196 474 1235 536 iis

174 600 323 662 fruuntur
347 602 411 677 (vv.
436 599 634 675 auu—208).

282 723 333 786 Ex
367 724 429 786 istu
457 723 598 786 'materia
633 722 753 805 aliquid
787 722 977 805 praeclarurn
1005 724 1044 786 ab
1068 723 1234 805 ingenioso

175 848 297 911 artifice
337 848 444 932 effingi
483 869 585 930 posse.
625 848 829 911 manifestum
868 850 924 910 est.
983 846 1053 910 Hoc
1089 844 1231 910 Iuvenali

174 973 357 1056 contigisse,
382 995 490 1036 omnes
508 973 569 1035 viri
586 973 669 1035 docti
685 995 747 1035 una
764 976 869 1035 mente
887 972 1096 1036 consentiunt.
1133 971 1234 1035 Hein-

173 1096 295 1161 richius
330 1097 407 1160 dicit
424 1099 457 1175 ¹),
494 1097 577 1179 apud
611 1100 734 1160 veteres
769 1096 849 1159 nihil
885 1097 1016 1178 reperiri
1052 1119 1142 1178 posse
1174 1097 1234 1159 huc

174 1204 387 1304 descriptione
422 1222 639 1303 praestantius:
677 1222 754 1285 adeo
784 1221 834 1284 ‘ibi
870 1222 908 1283 acl
943 1204 1050 1284 vivum
1085 1244 1235 1304 expressa

173 1346 289 1424 onmia,
326 1347 404 1409 odeo
439 1346 522 1409 nihil
557 1347 659 1408 inesse
696 1347 878 1408 otl'ectutum
903 1350 957 1408 aut
981 1346 1131 1420 fucatum,
1157 1347 1235 1409 adeo

175 1475 292 1535 cuncta
326 1471 413 1553 loqui
448 1471 589 1534 animum
622 1493 732 1533 verum
768 1473 800 1532 et
835 1470 1012 1547 candidum,
1037 1492 1094 1533 sua
1117 1471 1234 1534 virtute

174 1595 357 1659 amabilem.
405 1594 476 1671 Qui,
510 1595 606 1658 etiam
629 1595 656 1658 si
680 1595 712 1656 in
735 1594 882 1658 laudibus
905 1595 1021 1657 nimius
1045 1598 1103 1672 est,
1127 1602 1234 1658 tamen

175 1724 262 1785 recte
286 1724 404 1798 monet,
428 1743 489 1783 non
514 1720 614 1783 multa
634 1719 685 1783 hio
702 1719 837 1783 inveniri
854 1720 991 1803 vestigio
1007 1720 1234 1803 indignationis

178 1842 392 1909 Iuvenaliunae
431 1847 487 1909 sed
525 1846 665 1908 animum
703 1845 755 1909 liic
790 1867 925 1929 regnare
961 1846 1167 1928 compositum
1203 1850 1234 1909 et

178 1970 320 2053 quietum
344 1974 376 2033 et
399 1969 574 2033 Horatiano
596 1971 787 2052 propiorem.
823 1968 912 2032 Idem
935 1970 1001 2033 tere
1019 1974 1067 2032 est
1084 1970 1235 2033 iudicium

175 2093 356 2171 Ribbeckii,
382 2115 453 2156 cum
477 2094 554 2157 dicit
565 2094 600 2171 ²),
616 2093 698 2157 hanc
714 2096 843 2157 satiram
860 2095 999 2157 omnium
1015 2096 1233 2158 suavissimam

178 2241 248 2282 esse
273 2223 305 2281 et
328 2219 368 2281 ad
391 2218 561 2281 iucundum
585 2218 674 2281 illum
698 2218 837 2300 leporem
862 2218 1070 2282 Horatianum
1096 2223 1128 2281 et
1145 2219 1234 2282 testi-

175 2344 309 2406 vitatem
344 2343 488 2426 proxime
524 2343 736 2405 accedentem.
782 2341 895 2424 Neque
923 2344 1029 2405 tamen
1053 2343 1105 2405 hic
1130 2345 1235 2406 omnia

144 2492 146 2497 ·
175 2468 302 2551 probat.
349 2467 460 2531 Divisa
495 2468 592 2529 satira
623 2468 654 2529 in
691 2467 768 2529 duas
792 2470 909 2549 partes,
934 2468 1140 2549 posteriorem
1163 2472 1234 2530 tan·

175 2596 245 2655 tum
269 2591 331 2673 (vv.
358 2592 524 2673 56—208)
548 2593 674 2667 retinet,
698 2593 788 2674 quasi
811 2596 917 2654 mente
942 2596 974 2654 et
997 2592 1125 2675 ingenio
1141 2590 1234 2655 luve-

176 2717 258 2780 nalis
305 2717 448 2801 (lignenm
496 2717 629 2799 priorem
676 2720 799 2798 partem
839 2722 901 2789 (vv.
943 2716 1063 2797 1-55)
1102 2718 1232 2799 respuit.

175 2840 402 2925 Integritatem
433 2841 544 2905 horum
568 2863 715 2905 versuum
738 2845 803 2903 tani
827 2840 1032 2903 vehementer
1055 2842 1234 2925 impugnat,

175 2970 225 3030 tot
249 2988 369 3045 causaS,
395 2967 490 3028 etium
514 2966 699 3043 levissimus,
717 2967 757 3028 ad
773 2966 963 3027 sententium
981 2988 1068 3027 suam
1085 2966 1234 3028 tuendam

177 3092 348 3154 advocatas
373 3090 512 3167 adhibet,
537 3095 571 3152 ut
594 3091 753 3153 interdum
776 3090 871 3153 iocari
892 3089 997 3171 potius
1014 3112 1109 3172 quam
1125 3112 1234 3153 severe

177 3237 274 3300 agere
298 3216 452 3279 videatur.
499 3215 551 3278 Al
574 3238 604 3279 v.
630 3217 669 3278 13
695 3215 834 3292 adnotat,
859 3214 927 3276 fieri
951 3236 1012 3277 nou
1037 3236 1137 3296 posse.
1163 3237 1233 3277 oum

160 3341 275 3405 ·ve.rba
309 3340 364 3403 illa
387 3341 450 3403 iam
473 3340 655 3422 perlucente
680 3340 770 3402 ruina
794 3339 947 3422 legumus,
973 3343 1007 3400 ut
1030 3339 1068 3400 de
1092 3339 1233 3402 vestibus

176 3465 328 3528 rimarum
363 3464 465 3546 plenis
499 3486 561 3527 non
597 3465 783 3547 cogitemus.
830 3463 882 3526 Sic
907 3464 1007 3526 multa
1031 3465 1137 3541 habet,
1162 3485 1233 3545 quae

176 3596 209 3652 in
233 3611 326 3653 versu
352 3590 391 3651 14
416 3589 643 3672 reprehendat:

328 3719 439 3776 interea
463 3727 569 3794 gustus
593 3721 736 3776 elementa
759 3739 812 3793 per
835 3719 931 3776 omnin
956 3722 1095 3793 quaerunt

251 3874 255 3883 Ι
286 3889 307 3956 J)
328 3892 457 3943 Hammon
477 3890 495 3942 l.
516 3890 533 3941 l.
553 3891 573 3942 Ι,
593 3909 618 3958 p.
640 3890 698 3942 lou.

287 3978 306 4045 ⁹)
327 3981 446 4032 anuacu
465 3980 483 4031 l.
504 3980 521 4031 l.
542 3998 567 4047 p.
588 3979 629 4031 83.
