2828 4612
601 286 774 349 ..13-

647 467 790 541 testisque
813 466 959 542 Neapolin
982 467 1059 524 inter

260 578 316 631 -et
340 573 446 632 Cumas
470 574 552 632 loeus
576 576 629 643 est,
654 574 755 632 multia
779 574 838 632 iam
863 573 988 649 frigidus
1012 573 1105 642 annis,

285 681 419 755 quamvis
444 685 589 738 aeternum
611 681 786 756 pinguescat
810 681 846 738 ab
870 681 961 740 ubere
985 681 1081 738 sulfur

187 895 191 905 =
262 861 362 926 Recte
399 862 562 925 admoneri
595 864 710 944 potest,
744 860 826 925 nihil
861 861 894 924 in
928 860 977 924 his
1012 861 1155 924 versibus
1179 861 1218 924 de

158 989 264 1050 monte
301 990 355 1049 aut
389 986 465 1070 iugo
500 985 572 1063 diei
603 987 658 1049 sed
681 985 741 1049 hoo
765 986 878 1049 saltem
902 987 1138 1050 concedendum
1160 991 1218 1063 est,

157 1110 225 1174 iure
256 1133 328 1174 eum
363 1110 469 1174 locum
492 1111 576 1173 inter
598 1108 757 1194 Neapolin
782 1114 814 1173 et
838 1110 951 1174 Cumas
976 1111 1081 1190 situm,
1106 1134 1217 1195 quum-

108 1289 112 1295 .
156 1235 203 1299 vis
228 1236 282 1299 diu
305 1235 468 1320 frigidum,
492 1239 601 1298 tamen
624 1238 805 1317 suspectum
823 1234 971 1298 Cumanis
988 1236 1051 1298 dioi
1066 1237 1217 1317 potuisse.

153 1359 237 1434 Quid
261 1360 405 1442 impedit,
430 1381 468 1423 ne
493 1361 604 1443 iugum
627 1359 734 1438 fuerit,
757 1359 876 1424 vitibus
900 1360 1039 1423 obsitum
1056 1395 1095 1404 --
1113 1360 1218 1442 parcis

156 1484 300 1561 fortasse,
324 1485 356 1547 id
380 1484 461 1547 nihil
485 1485 524 1547 ad
547 1506 625 1560 rem,
649 1506 723 1550 nam
747 1484 844 1547 etiam
868 1482 1015 1548 Gaurana
1038 1507 1100 1548 uva
1120 1507 1219 1568 parea
1306 1546 1311 1555 ,

150 1608 244 1672 ¹erat:
280 1611 333 1669 καὶ
357 1604 458 1686 ὀλίγος
480 1610 533 1669 καὶ
556 1607 731 1678 κάλλιστος.

262 1731 356 1796 Nihil
391 1734 474 1817 apud
509 1731 693 1797 Iuvenalem
727 1734 843 1817 saepius
874 1734 919 1813 fit,
944 1756 1039 1817 quam
1062 1739 1098 1797 ut
1120 1735 1219 1799 verba

156 1858 273 1941 aliqua,
303 1880 365 1922 non
401 1859 440 1922 ab
476 1880 512 1921 eo
548 1859 642 1937 dicta,
677 1880 811 1941 quooum
847 1859 1036 1941 colloquium
1071 1859 1217 1938 habetur,

151 1983 210 2046 sed
246 1985 286 2046 ab
321 1983 393 2059 alio,
423 1983 511 2046 ouius
535 1983 666 2046 fortuita
689 1983 809 2046 mentio
832 1984 918 2046 faeta
941 1988 998 2061 eet,
1023 1985 1056 2046 in
1080 1984 1217 2047 mediam

155 2108 330 2170 orationem
353 2108 544 2185 inserantur,
568 2111 604 2170 ut
626 2131 655 2171 v.
682 2108 738 2172 63:

369 2280 521 2354 improbus
546 2299 585 2348 ee,
610 2298 678 2336 oum
701 2280 806 2354 poscis,
831 2281 873 2337 ait

156 2480 226 2542 quae
251 2460 349 2522 verba
371 2462 528 2542 praeterea
552 2480 620 2521 oum
646 2459 695 2538 iis,
719 2481 789 2542 quae
814 2457 888 2523 VII.
916 2461 977 2524 158
1000 2461 1165 2545 leguntur:

369 2635 533 2692 mercedem
557 2635 705 2710 appellas?
730 2634 800 2710 quid
824 2635 902 2692 enim
925 2635 1005 2694 seio?

155 2829 222 2889 tam
256 2825 424 2889 manifesto
459 2829 647 2910 congruunt,
672 2830 707 2888 ut
730 2827 763 2889 id
786 2826 911 2899 silentio
935 2828 1099 2910 praeterire
1123 2827 1215 2891 nolu·

156 2951 245 3014 erim.
291 2948 398 3014 Senret
432 2951 500 3033 ipse
534 2950 634 3034 igitur
667 2950 757 3033 quasi
781 2951 877 3014 iterat
900 2948 1079 3016 Iuvenalis?
1114 2951 1216 3036 Saepe,

156 3075 211 3138 sed
246 3075 303 3154 ita,
336 3079 372 3145 ut
394 3074 475 3138 nihil
499 3075 706 3138 offendamur.
752 3073 826 3138 Non
850 3080 898 3140 est
921 3077 1034 3142 vitium
1057 3078 1136 3141 illud
1159 3101 1216 3161 ap·
1254 3120 1256 3124 =

152 3199 349 3282 pellandum,
373 3221 474 3282 neque
499 3200 584 3262 enim
607 3199 640 3262 in
663 3201 798 3264 eundern
820 3202 929 3265 orbern
948 3224 1047 3285 usque
1065 3203 1103 3282 ad
1120 3203 1216 3266 satie-

156 3327 256 3399 tatem
280 3328 471 3407 torquemur,
495 3325 550 3386 sed
566 3327 602 3387 ut
617 3327 712 3407 poeta
728 3325 886 3389 interdum
903 3348 940 3389 ea
955 3327 1044 3390 nobis
1061 3328 1215 3405 ostendat,

156 3470 227 3531 quae
267 3449 426 3531 extemplo
464 3470 682 3532 agnoscamm,
721 3453 828 3513 tamen
867 3472 978 3515 cavere
1013 3453 1110 3533 probe
1146 3453 1215 3532 seit,

156 3594 196 3635 ne
230 3572 324 3635 nimis
359 3573 491 3636 molesta
525 3574 566 3635 sit
601 3595 637 3637 ea
671 3574 836 3657 repetiti03
872 3575 956 3656 quod
979 3596 1054 3638 sane
1079 3577 1216 3640 cuiusvis

156 3700 299 3759 nonest.

262 3818 337 3884 Non
370 3821 486 3884 mirum
520 3824 568 3884 est
601 3820 794 3900 Iuvenalem,
830 3822 886 3905 qui
908 3822 1031 3887 scholas
1055 3824 1215 3890 rhetorum

156 3944 211 4007 diu
234 3945 467 4028 frequentasset
491 3981 532 3990 -
557 3933 597 4008 ad
620 3947 757 4010 mediam
780 3947 846 4010 fere
871 3950 999 4011 aetateru
1013 3946 1093 4012 ¹eum
1110 3949 1215 4013 deela-
