3062 4808
537 369 540 379 '
619 390 815 452 -141-

182 569 226 632 ’de
262 572 329 632 arte
366 566 571 632 luvenaliana
599 567 692 630 nimis
716 567 785 630 leve
809 561 959 631 iudicium
984 567 1089 630 facere
1112 567 1248 629 videtur.

185 693 249 758 Sed
273 694 357 777 quod
381 693 459 756 dicit
484 694 522 756 de
545 693 746 775 interpolatis
769 691 912 759 versibus
930 692 1059 754 69-72
1077 713 1113 756 eo
1129 691 1248 754 maiore

187 819 255 882 iure
289 818 420 882 laudare
455 797 607 900 possum*¹
629 817 711 898 quod
747 817 814 899 ipse
846 795 991 899 plurimis
1014 815 1092 880 loeis
1115 815 1248 892 ostendi,

104 1003 108 1011 .
185 946 313 1026 poetam
333 965 394 1006 non
410 935 446 1005 ut
463 942 673 1005 eruditionem
689 963 779 1004 suam
795 945 890 1024 atque
904 941 1062 1024 copiosam
1074 941 1250 1005 doctrinam

188 1070 374 1147 ostentaret,
391 1067 537 1149 exempla
553 1067 608 1129 illa
624 1089 663 1129 ex
677 1066 814 1148 antiquis
827 1066 944 1130 fabulis
957 1069 1083 1150 sumpta
1096 1066 1249 1130 attulisse.

294 1191 428 1256 Reditus
457 1192 496 1254 ad
520 1191 717 1276 propositum
741 1194 789 1254 est
812 1213 841 1255 v.
867 1191 918 1254 72.
966 1190 1017 1254 Ad
1041 1214 1091 1254 vv.
1119 1191 1247 1256 86-87

187 1316 328 1380 Kiaerius
364 1316 494 1378 adnotat
511 1315 546 1397 ¹),
581 1337 754 1398 pronomen
776 1315 810 1377 in
833 1315 937 1396 priore
961 1315 1119 1379 sententia
1143 1314 1249 1379 durius

190 1441 304 1518 audiri,
324 1440 403 1520 ¹nisi
436 1440 522 1503 locus
557 1439 603 1502 ita
638 1439 740 1521 accipi
775 1440 899 1516 debeat,
924 1443 960 1502 ut
983 1444 1076 1522 poeta
1099 1462 1161 1502 non
1184 1443 1251 1502 tam

190 1587 362 1648 pronomen
401 1565 543 1628 omiserit
580 1587 676 1648 quam
714 1564 863 1628 orationis
898 1564 1033 1628 formam
1067 1565 1249 1628 mutaverit.
1292 1633 1295 1638 ,

187 1689 291 1754 Credo
314 1692 442 1772 poetam
464 1688 629 1753 Volusium
655 1689 782 1771 alloqui,
807 1692 842 1751 ut
865 1711 926 1752 non
943 1711 1020 1771 opus
1037 1689 1078 1751 sit
1094 1690 1127 1751 in
1143 1689 1248 1771 priore

188 1815 348 1878 sententia
371 1835 544 1897 pronomen
568 1813 687 1877 audire.
734 1810 771 1902 ln
795 1837 845 1878 vv.
870 1815 1018 1878 95—96:

306 1980 433 2038 fortunae
457 1979 568 2037 invidia
593 1983 637 2038 est
658 1980 864 2054 bellorumque
888 1980 1003 2050 ultima,
1029 1999 1113 2038 casus

222 2117 237 2174 ι
308 2087 439 2156 extremi,
464 2089 561 2161 longae
586 2087 649 2144 dira
673 2086 831 2144 obsidionis
855 2091 970 2162 egestas

188 2242 313 2325 copiam
337 2243 496 2324 quandam
518 2242 686 2304 verborum
710 2241 823 2320 inesse,
847 2264 908 2304 non
932 2239 1024 2325 nego,
1046 2243 1101 2305 sed
1117 2245 1249 2324 propter

189 2367 250 2429 hoc
275 2389 292 2428 a
316 2363 465 2429 iuvenale
489 2387 552 2427 non
576 2365 777 2428 abiudicandi
800 2368 882 2427 sunt.
922 2364 1020 2428 Poeta
1043 2365 1103 2428 hoo
1125 2365 1195 2429 loco
1215 2366 1249 2428 in

189 2491 349 2554 mentibus
374 2512 491 2567 eorum,
516 2490 570 2572 qui
593 2489 715 2573 legunt,
740 2489 918 2572 insculpere
942 2490 1019 2566 vult,
1044 2491 1146 2572 qualis
1166 2491 1249 2554 inter

190 2614 451 2698 Calagurritanos
487 2617 518 2676 et
554 2612 698 2676 Ombitas
733 2614 813 2677 ratio
841 2614 1065 2694 intercesserit,
1091 2637 1185 2699 quam
1209 2617 1249 2679 ob

192 2763 259 2802 rem
295 2761 365 2802 cunr
401 2739 524 2802 facinus
559 2739 682 2802 illorum
711 2739 847 2802 miseriae
872 2740 1107 2803 excusationem
1129 2739 1248 2804 habere

190 2865 408 2927 demonstrare
442 2864 530 2941 velit,
566 2864 604 2926 de
638 2863 826 2926 necessitate
854 2885 949 2946 quam
980 2865 1177 2946 apertissime
1201 2865 1249 2928 lo-

189 2989 307 3071 quitur.
355 2987 444 3063 Quod
479 2992 574 3071 poeta
607 3012 637 3051 v.
675 2989 737 3051 112
772 2993 882 3051 narrat
916 2989 983 3052 sine
1019 2990 1113 3052 dubio
1140 2991 1249 3053 fictum
1288 3023 1291 3039 ·

191 3117 253 3177 est:
291 3114 336 3176 sic
371 3113 497 3197 gravior
533 3113 635 3176 ironia
658 3113 704 3176 fit.
751 3111 918 3176 Weidneri
941 3114 978 3176 de
1003 3091 1062 3178 lroc
1085 3114 1153 3177 loco
1177 3136 1249 3177 sen-

190 3237 292 3300 tentia
327 3237 390 3300 alia
425 3241 481 3316 est,
517 3239 572 3300 sed
595 3237 675 3301 mihi
698 3211 825 3320 quidem
849 3241 944 3321 poeta
967 3237 1090 3321 Thylen
1115 3239 1248 3323 elegisse

189 3362 326 3440 videtur,
351 3365 386 3424 ut
408 3361 521 3424 melius
545 3363 635 3426 nobis
659 3367 732 3425 ante
756 3363 860 3425 oculos
876 3366 1018 3445 poneret,
1036 3385 1131 3448 qua-m
1148 3364 1249 3427 nudus

191 3485 390 3548 humanitate
425 3487 510 3549 orbis
545 3491 701 3550 terrarum
736 3508 770 3549 re
798 3509 873 3550 vera
898 3491 989 3564 esset,
1013 3488 1156 3570 quamvis
1180 3487 1249 3551 haec

189 3609 372 3674 humanitas
396 3603 513 3694 utrique
536 3611 659 3674 radices
684 3611 785 3695 egisse
811 3612 1002 3675 crederetur.

297 3735 358 3800 Vr.
400 3736 571 3799 rte—123
612 3737 738 3800 crebras
773 3736 1040 3820 interrogationes
1075 3738 1249 3818 continent,

191 3864 227 3923 ut
251 3861 286 3922 fit
311 3861 394 3942 apud
419 3857 612 3940 Iuvenalem,
637 3882 708 3924 cum
728 3860 832 3923 studio
849 3864 881 3923 et
897 3862 1007 3925 ardore
1024 3861 1250 3928 inflammatur.

302 4070 321 4139 ¹)
341 4074 418 4126 maa
436 4073 455 4126 r.
476 4073 494 4126 1.
514 4091 540 4142 p.
560 4073 603 4126 aa.

1273 382 1279 414 l
