2828 4612
603 298 752 361 -9,.

147 477 307 554 defendat,
332 478 372 541 ob
396 498 532 551 causam,
557 498 653 558 quam
676 497 771 558 supra
795 474 898 552 attuli,
919 475 1024 537 omnia
1041 497 1059 536 a
1074 472 1208 538 Naauolo

148 601 233 665 dicta
257 601 446 665 contendere
470 601 589 664 malim.
630 599 789 684 Bogenius
813 622 863 663 vv.
888 599 1018 662 48--49
1043 599 1075 661 in
1091 596 1208 662 Naevo-

148 726 214 789 lum
247 727 402 808 quadrare
437 729 543 808 negat,
580 725 716 787 maxime
740 724 824 806 quod
847 723 910 801 hic,
934 723 1151 787 familiaritate
1177 726 1208 786 et

149 851 372 915 consuetudine
407 849 553 914 Virronis
581 849 695 914 cotidie
720 849 786 943 fere
811 870 895 925 usus,
919 849 1025 912 sordes
1049 853 1081 911 et
1105 849 1208 912 averi-

148 976 225 1038 tiam
249 977 316 1039 eius
338 976 487 1059 ignorare
511 975 637 1038 omniuo
660 997 722 1037 non
745 974 899 1057 potuerit3
936 977 1046 1037 contra
1069 978 1206 1056 poetam,

149 1101 336 1164 draucorum
371 1122 473 1162 mores
497 1121 565 1162 sese
590 1100 739 1183 ignorare
763 1099 975 1175 simulantem,
999 1098 1078 1161 illud
1103 1098 1209 1162 excla-

147 1247 234 1288 mare
263 1224 424 1288 commode
448 1223 589 1306 potuisse
614 1227 731 1287 censet.
777 1221 850 1285 Non
873 1244 969 1306 nego.
1015 1221 1077 1285 Sed
1100 1224 1209 1287 obser-

148 1350 285 1412 vandum
310 1354 367 1427 est,
384 1347 552 1413 Naevolum
567 1350 601 1412 in
616 1348 676 1411 hnc
692 1349 790 1411 satira
806 1347 887 1411 nihil
903 1348 1063 1430 antiquius
1079 1347 1208 1425 habere,

148 1495 242 1556 quam
277 1478 312 1537 ut
345 1474 463 1536 famam
499 1472 654 1553 Virronis,
689 1473 815 1555 patroni
843 1472 1060 1549 sordidissimi,
1085 1494 1210 1555 quoquo

148 1600 242 1661 modo
267 1599 430 1661 deminuat
453 1602 485 1661 et
509 1598 726 1675 commaculet.
768 1596 808 1661 Se
831 1596 912 1660 nihil
936 1618 1086 1679 umquam
1110 1597 1149 1660 ab
1173 1619 1209 1660 eo

118 1745 121 1751 ’
148 1723 209 1786 nisi
247 1723 328 1787 dona
363 1723 515 1787 vilissima
550 1723 719 1805 accepisse,
754 1724 852 1805 probe
880 1723 949 1799 scit,
972 1722 1048 1785 licet
1072 1722 1208 1787 officium

148 1871 248 1922 suum,
285 1848 428 1933 quamvis
464 1849 641 1926 molestum,
676 1870 848 1931 numquam
872 1848 1061 1924 deserue1·it;
1098 1848 1209 1931 quodsi

149 1973 282 2036 draucus
318 1973 351 2036 in
385 1973 543 2038 oblivione
577 1974 680 2036 iaceat
704 1974 920 2047 iniustissima,
944 1973 1071 2055 qualem
1095 1973 1209 2036 ceteris

148 2100 265 2160 sortem
289 2098 455 2175 exituram,
480 2098 534 2180 qui
557 2119 619 2160 nou
643 2078 800 2160 amatores
816 2098 888 2174 sint,
906 2097 961 2159 sed
976 2101 1101 2160 tantum
1117 2098 1209 2160 modo

148 2241 304 2302 pauperes
341 2221 481 2298 clientes,
517 2221 612 2283 nullis
647 2223 777 2283 secretis
811 2220 946 2283 vinculis
981 2242 1051 2282 cum
1075 2223 1210 2302 patrono

149 2344 326 2406 coniuncti?
363 2343 396 2406 Si
430 2345 491 2425 ipsi
527 2366 598 2426 spes
622 2366 684 2407 non
707 2345 758 2420 sit,
783 2344 858 2426 quid
882 2344 1017 2407 ceteris?
1055 2342 1107 2407 Sic
1131 2343 1209 2407 mihi

148 2463 308 2545 NaevoluS‚
343 2470 510 2550 postquam
546 2490 593 2531 vv.
629 2468 759 2531 48-49
794 2468 874 2531 iram
909 2467 942 2530 in
976 2466 1143 2531 Virronem
1169 2469 1209 2531 ob

150 2591 317 2655 avaritiam
353 2592 419 2655 eius
447 2591 567 2668 effudit,
592 2593 631 2655 ed
655 2593 821 2683 mollitiem
846 2593 913 2656 eius
937 2591 1148 2656 cavillandum
1170 2592 1209 2655 iis

148 2717 302 2794 versibus,
327 2717 382 2799 qui
405 2722 588 2800 sequuntur,
613 2718 731 2800 optime
755 2719 890 2782 transire
915 2739 1006 2800 posse
1030 2718 1165 2781 videtur.

255 2840 334 2904 Tum
357 2863 433 2906 vero
457 2842 557 2905 altera
581 2832 713 2925 quaestio
737 2842 846 2906 oritur.
893 2840 1006 2926 Neque
1031 2843 1115 2906 enim
1131 2842 1209 2910 satis

150 2969 282 3045 constet,
312 2971 419 3030 utrum
441 2990 471 3031 v.
497 2968 538 3031 53
562 2970 680 3029 tractas
704 2966 875 3050 legendum
899 2967 941 3029 sit
965 2989 1004 3029 an
1027 2969 1145 3029 tractet
1169 2989 1209 3029 an

149 3094 273 3185 tractet.
313 3090 454 3169 Tractus
478 3092 561 3172 quod
585 3095 633 3153 est
656 3092 690 3153 in
713 3091 780 3154 cod.
805 3089 852 3167 P„
870 3091 1000 3153 retineri
1016 3113 1078 3154 non
1095 3093 1208 3172 potest.
1257 3123 1259 3126 >

150 3213 303 3278 Defendit
336 3215 504 3279 lectionem
538 3215 745 3279 Heinrichius
779 3237 836 3298 per
860 3214 1029 3299 enallagen
1051 3216 1210 3297 quandam

149 3361 365 3421 personarum,
390 3361 460 3422 quae
485 3344 590 3403 temen
614 3340 676 3423 ipsi
700 3340 884 3403 difficultate
908 3339 1052 3403 laborare
1073 3339 1235 3417 videtur„

149 3463 176 3526 si
210 3463 338 3545 quidem
373 3465 471 3528 verba
505 3463 572 3526 eius
595 3468 680 3527 recte
704 3464 866 3548 intellego.
913 3461 1097 3527 Subiectum
1119 3463 1209 3527 verbi
1272 3460 1274 3465 ⁴

149 3590 268 3650 tractas
300 3587 386 3652 aliud
409 3590 575 3671 estatque
600 3589 778 3653 subiectum
801 3589 890 3653 verbi
914 3588 1038 3652 mittas:
1075 3609 1211 3652 cavero

74 3695 77 3700 ’
150 3711 296 3797 enallage
330 3713 465 3776 molesta
500 3716 531 3776 et
564 3716 705 3776 tortuosa
732 3716 788 3776 est,
835 3712 888 3776 Ad
911 3734 1019 3776 veram
1041 3711 1209 3776 lectionem

149 3837 378 3901 restituendam
413 3859 541 3901 necesse
577 3841 625 3901 est
660 3837 844 3914 diiudicare,
869 3840 976 3900 utrum
1001 3837 1038 3900 de
1062 3836 1145 3900 veris
1169 3858 1210 3898 en
