2828 4612
662 1168 813 1277 Satira
855 1170 904 1280 X.

360 1417 469 1500 Usque
505 1417 651 1482 adhunc
675 1418 777 1482 locum
802 1419 867 1482 solo
891 1420 974 1501 quod
998 1419 1086 1482 aiunt
1108 1419 1199 1482 firmo
1221 1417 1315 1480 insti·

254 1543 360 1606 timus.
409 1539 477 1606 Iam
513 1542 618 1606 omnia
653 1546 825 1606 mutantur.
872 1541 1025 1606 Venimus
1056 1544 1139 1606 enim
1164 1544 1203 1605 ad
1228 1542 1316 1606 deci-

255 1690 340 1730 mam
363 1667 503 1745 satiram,
527 1668 663 1751 primam
687 1689 805 1745 earum,
823 1689 900 1749 quas
917 1666 1111 1731 Ribbeckius
1129 1691 1146 1729 a
1163 1665 1317 1731 Iuvenale

254 1792 427 1856 abiudicat.
473 1791 511 1855 ln
547 1793 825 1856 exercitationibus
850 1791 1081 1854 declamatoriis
1105 1792 1315 1870 versabimur,

252 1916 286 1978 in
309 1917 372 1979 leri
396 1920 428 1979 et
450 1916 534 1978 futili
559 1916 686 1979 dicendi
709 1937 836 2000 genere,
859 1914 1009 1978 Iuvenale
1034 1937 1160 1998 prorsus
1177 1916 1314 1999 indigno

255 2043 287 2102 et
323 2041 362 2103 ad
397 2062 506 2103 verum
542 2044 714 2118 auctorem,
750 2040 838 2102 cuius
872 2040 906 2102 iu
934 2039 1096 2103 rhetorum
1119 2040 1315 2104 umbraculis

253 2164 378 2228 officina
417 2166 588 2247 quaerenda
624 2167 681 2242 est,
716 2165 900 2228 revocando.
959 2163 1038 2228 Haec
1074 2167 1121 2228 est
1155 2165 1316 2227 sententia

254 2288 434 2365 Ribbeokii,
471 2289 552 2352 falsa
576 2289 632 2351 illa
655 2289 793 2372 quidem,
818 2291 853 2351 ut
875 2289 996 2371 opinor,
1021 2293 1053 2352 et
1076 2288 1174 2351 firmis
1197 2288 1316 2351 funda-

253 2414 368 2476 mentis
403 2416 524 2478 orbata.
571 2412 681 2477 Nihilo
717 2414 820 2476 minus
849 2413 1156 2498 argumentationem
1181 2413 1247 2476 eius
1273 2415 1316 2477 ad

254 2559 318 2616 eoa,
354 2539 408 2621 qui
443 2539 582 2617 audiant,
614 2539 819 2622 pelliciendos
842 2560 991 2623 magnam
1016 2538 1078 2602 vim
1102 2537 1233 2616 habere,
1256 2559 1316 2600 ne-

253 2688 331 2751 gare
355 2687 417 2728 non
443 2665 559 2740 ausim‘,
584 2664 669 2727 fallit
692 2686 748 2727 nos
771 2664 820 2727 vir
842 2664 1038 2727 doctissimus
1054 2685 1175 2725 summo
1191 2663 1316 2746 ingenii

254 2791 416 2853 acumine:
441 2789 585 2852 omnibus
610 2788 719 2851 accitis
744 2787 897 2862 artificiis
917 2809 987 2870 quae
1004 2787 1044 2849 ad
1060 2784 1317 2868 persuadendum
1335 2830 1340 2844 .

253 2915 367 2978 idonea
390 2913 464 2991 siut,
490 2915 597 2995 captat
620 2912 763 2990 lectoreS,
788 2912 970 2996 obstringit,
995 2911 1126 2974 detinet.
1166 2909 1227 2973 Sed
1251 2931 1318 2992 quo

254 3038 432 3102 accuratius
467 3037 501 3101 hi
535 3037 653 3101 iudicia
682 3039 714 3100 et
737 3039 926 3121 argumenta
949 3036 1016 3100 eius
1040 3036 1251 3119 perpendunt,
1277 3057 1318 3100 eo

254 3164 366 3226 melius
402 3184 439 3226 ea
476 3162 608 3225 arbitrio
644 3161 711 3224 eius
742 3162 965 3244 potiusquam
988 3160 1122 3224 veritate
1146 3181 1230 3242 saepe
1255 3160 1320 3224 niti

253 3289 455 3372 intellegunt.
513 3286 682 3369 Proprium
727 3290 775 3351 est
814 3287 897 3349 enim
935 3285 1106 3349 Ribbeckii
1145 3286 1184 3348 ad
1223 3307 1321 3350 suum

254 3412 423 3476 arbitrium
461 3412 562 3475 multa
601 3411 807 3489 conformare,
846 3431 916 3493 quae
956 3410 1023 3473 eius
1058 3410 1140 3472 modi
1176 3408 1321 3474 solutam

253 3536 536 3619 pertractationem
580 3535 710 3598 minime
756 3535 929 3618 patiantur.
987 3532 1055 3608 Quo
1097 3533 1216 3595 factum
1257 3538 1321 3614 est,
1396 3523 1398 3528 ¹

254 3663 289 3723 ut
323 3659 482 3722 sententia
517 3660 583 3722 eius
621 3661 655 3746 iu
690 3659 756 3723 dies
791 3659 893 3740 magis
928 3660 1177 3741 oppugnaretur,
1217 3656 1323 3722 etiam

255 3786 295 3848 ab
341 3784 392 3863 iis,
437 3783 492 3866 qui
529 3784 632 3866 primo
670 3806 751 3860 earn,
790 3786 826 3846 ut
863 3805 927 3846 uon
950 3781 1244 3865 amplecterentur,
1286 3787 1325 3848 at

254 3912 340 3972 certe
363 3930 426 3973 non
449 3908 681 3991 improbabant.
729 3904 797 3970 Iam
820 3908 915 3970 turba
931 3905 1181 3970 adversariorum
1196 3927 1327 3993 magna
