2828 4612
470 253 514 335 ἡ,
675 270 848 331 -24-

475 323 486 349 Ι

444 366 510 436 tia·

231 470 322 530 opem
346 447 418 510 fert.
454 446 601 513 „Omnino
626 447 730 510 faeere
754 469 817 511 non
841 469 978 531 possum,
1002 447 1079 529 quin
1102 451 1230 529 poetam
1256 447 1289 509 in

231 572 270 635 iis
304 573 457 650 versibus,
493 572 547 655 qui
571 572 743 655 perierunt,
769 573 807 635 de
832 572 950 635 divitiis
974 573 1169 654 quorundam
1194 573 1289 634 drau-

232 719 338 760 oorum
374 697 493 779 aliquid
529 697 645 760 dixisse
673 697 823 779 suspicer.
870 695 950 760 Tum
973 694 1124 760 Naevolus
1148 720 1197 760 vv.
1225 698 1288 760 135

232 823 339 886 -136
364 823 444 884 bene
468 822 659 903 respondere
683 823 796 902 potest,
820 843 853 884 se
878 844 941 885 non
961 822 1202 885 immoderatum
1220 843 1289 884 esse

232 946 286 1008 sed
310 968 408 1028 parvo
432 946 564 1028 praemio
588 948 781 1009 contentum.

337 1070 388 1132 Ad
411 1093 461 1133 vv.
489 1070 676 1134 146—147:

831 1210 980 1271 sufficiunt
1003 1211 1074 1279 hau,

391 1317 509 1390 quando
533 1336 587 1392 ego
604 1335 724 1392 pauper
749 1335 798 1374 ero

231 1478 369 1541 Kiaerius
404 1479 533 1541 adnotat
551 1479 584 1557 ¹),
619 1479 769 1542 traditam
804 1479 894 1543 nobis
925 1480 985 1543 looi
1009 1480 1212 1561 scriptionem
1235 1480 1289 1542 vix

231 1626 339 1666 veram
375 1625 451 1665 esse.
501 1602 574 1667 Post
608 1604 750 1682 verbum,
775 1606 857 1686 quod
882 1608 930 1667 est
953 1598 1031 1682 haee,
1057 1605 1174 1668 maiore
1198 1604 1294 1688 signo

231 1728 521 1810 interpungendum
546 1749 612 1790 esse
636 1728 818 1804 arbitratur,
843 1732 914 1812 post
938 1751 990 1792 ero
1014 1732 1164 1812 punctum
1189 1728 1222 1790 in
1246 1729 1290 1791 si-

233 1874 331 1935 gnum
356 1853 614 1935 interrogationis
638 1854 833 1917 mutandum.
869 1852 978 1917 Verba
994 1854 1118 1936 quando
1135 1875 1194 1937 ego
1210 1876 1292 1934 pau-

230 1999 288 2059 per
324 1999 376 2040 ero
411 1978 601 2059 respondere
637 1978 803 2041 confirmat
830 1979 935 2042 verbis
959 1979 1083 2061 quando
1107 2000 1166 2062 ego
1190 1979 1289 2061 figam

232 2101 373 2183 aliquid?
409 2103 451 2167 tv.
488 2101 575 2183 139).
621 2100 741 2165 Votum
774 2102 954 2166 miserabile
989 2124 1051 2165 non
1076 2124 1112 2165 ea
1136 2102 1289 2185 appellat,

232 2248 302 2309 quae
327 2228 521 2308 praecedunt,
546 2227 601 2290 sed
625 2249 722 2290 unum
738 2227 833 2290 illud:
858 2228 984 2310 quando
1001 2249 1060 2311 ego
1076 2249 1198 2309 pauper
1214 2230 1293 2289 ero?

231 2351 265 2432 (i.
290 2373 317 2415 e.
342 2352 466 2433 quando
489 2351 606 2435 viginti
629 2351 717 2414 milia
740 2352 831 2414 fenus
856 2354 914 2414 oet.
931 2351 1091 2426 habebo?)
1116 2351 1210 2434 Cupit
1226 2351 1291 2435 igi-

231 2479 283 2538 tur
318 2473 467 2539 Naevolus
505 2498 626 2558 pauper
660 2476 740 2554 fieri,
766 2476 861 2538 aliem
884 2475 1006 2538 scilieet
1029 2474 1102 2539 huie
1125 2478 1222 2540 verbo
1246 2477 1291 2538 si-

230 2600 468 2684 gnificationem
492 2600 645 2664 tribuens
685 2600 785 2663 Addit
808 2600 956 2675 Kiaerius
974 2603 1111 2682 poetam,
1129 2600 1155 2662 si
1171 2601 1290 2677 verbm,

231 2747 301 2807 quae
336 2728 409 2788 sunt
436 2726 562 2806 quando
597 2747 656 2808 ego
690 2746 899 2808 pauperem,
925 2725 1084 2787 causalem
1107 2725 1172 2788 vim
1196 2725 1290 2786 attri-

232 2851 327 2913 buere
363 2848 522 2926 voluisset,
559 2850 689 2912 verbum
723 2871 845 2932 pauper
879 2871 941 2912 non
969 2849 1063 2912 tertio
1085 2870 1194 2912 versus
1217 2849 1289 2912 loco

230 2974 295 3050 sed,
331 2976 366 3035 ut
400 2973 520 3034 maiore
554 2973 693 3054 pondere
722 2975 896 3052 efferretur,
921 2974 1024 3056 primo
1047 2973 1143 3036 fuisse
1168 2973 1290 3055 positu·

230 3120 316 3160 rum:
341 3119 463 3180 pauper
486 3099 611 3180 quando
635 3120 694 3182 ego
719 3120 781 3162 ero.
821 3096 897 3172 Quae
918 3098 1151 3181 argumentatio
1167 3097 1289 3160 minute

231 3227 287 3286 est.
334 3219 419 3285 Nam
454 3222 480 3285 si
510 3223 639 3286 tertiam
662 3222 791 3285 satiram
815 3222 1030 3304 inspiciemus,
1054 3222 1156 3285 simile
1181 3243 1292 3284 exem·

221 3338 317 3429 'plum
344 3369 374 3410 v.
400 3349 439 3410 21
464 3346 662 3412 habebimus.
709 3345 760 3411 Ibi
783 3368 906 3429 quoque
930 3348 1056 3430 quando
1080 3346 1163 3409 idem
1186 3345 1292 3430 signi·

230 3470 307 3534 fioat
341 3474 436 3555 atque
470 3472 596 3555 quando
623 3472 761 3555 quidem,
785 3471 839 3534 sed
863 3493 964 3554 neque
988 3471 1129 3534 honestis
1154 3469 1195 3550 (v.
1222 3471 1289 3546 21),

229 3615 331 3677 neque
365 3597 467 3660 minor
502 3602 544 3673 (v.
569 3597 624 3678 23)
660 3596 819 3680 insignem
853 3596 957 3659 locum
990 3600 1098 3659 tenere
1133 3593 1289 3669 videmus,

230 3741 421 3803 quamquam
459 3720 528 3784 haee
566 3721 635 3803 ipsa
673 3721 771 3785 verba
805 3742 869 3784 non
904 3721 970 3782 sine
1007 3718 1111 3801 aliquo
1147 3718 1289 3801 pondere

339 3949 358 4016 1)
378 3950 456 4002 Kmu
474 3949 492 4002 l.
513 3949 530 4002 l.
550 3967 595 4018 pp.
615 3950 728 4004 55-56.
