2828 4612
675 281 848 343 ...12-

229 460 292 520 est:
325 457 473 526 ·habitum
497 481 559 522 non
582 462 707 541 spectat
731 459 770 522 ad
793 459 934 522 tunicam
959 460 1082 539 (nudus
1108 483 1136 523 v.
1155 459 1209 538 71)
1233 459 1288 523 sed

229 582 276 680 ad¹
292 583 435 646 multicia
459 583 603 647 ridicula.
642 581 694 646 Sic
717 583 818 646 ironia
843 587 954 666 aperta
971 587 1028 647 est.
1066 584 1164 648 Aliud
1182 605 1292 648 exem-

228 706 318 789 plum
342 707 501 771 invenitur
524 705 581 771 VI.
607 709 687 772 531:

360 900 396 938 en
420 881 547 938 animam
571 885 601 940 et
623 885 760 953 mentem,
786 901 853 941 cum
877 902 936 957 qua
960 883 989 941 di
1009 886 1094 940 nocte
1109 883 1289 956 loquantur!

288 1046 293 1054 ’
334 1042 496 1114 Naevolus.
533 1046 607 1108 dum
632 1046 797 1109 avaritiam
820 1045 966 1110 Virronis
991 1045 1205 1129 reprehendit,
1229 1044 1292 1109 hoc¹

228 1189 351 1250 quoque
376 1169 534 1232 exclamat
557 1168 620 1250 (vv.
646 1171 805 1253 56-57):

356 1345 386 1400 te
401 1344 569 1402 Trifolinus
595 1365 665 1421 ager
688 1346 820 1404 fecundis
844 1346 955 1404 vitibus
978 1345 1090 1420 implet,

356 1455 585 1526 suspectumque
608 1452 712 1534 iugum
737 1446 837 1510 Gumis
862 1456 891 1510 et
916 1451 1033 1510 Gaurus
1056 1452 1148 1509 inanis

334 1631 449 1695 Varias
485 1634 621 1697 editores
641 1613 852 1697 ¹coniecturas
887 1634 1040 1712 feceruut,
1077 1655 1148 1696 curn
1182 1657 1211 1698 v.
1246 1635 1288 1697 57

229 1758 388 1841 explicare
424 1759 598 1822 studerent.
644 1758 719 1821 Tria
753 1758 822 1821 loca
852 1759 1062 1837 nominantur,
1086 1760 1169 1822 unde
1192 1758 1289 1823 Virro

228 1883 336 1946 vinum
371 1886 539 1964 apportare
573 1883 706 1946 solebat.
751 1881 871 1946 Vinum
899 1882 1090 1946 Trifolinum
1126 1905 1165 1946 ex
1199 1883 1289 1946 Mar·
1363 1878 1369 1887 ’

227 2007 312 2070 tialis
349 2005 438 2072 XIII.
477 2009 671 2071 1141101111]
696 2010 760 2084 est3
795 2007 904 2072 vinum
928 2006 1110 2071 Gauranum
1134 2030 1150 2071 e
1174 2008 1290 2085 Plinio,

229 2133 284 2195 sed
319 2132 394 2215 quid
429 2133 490 2196 sibi
525 2131 621 2195 vellet
645 2131 722 2194 illud
748 2131 854 2194 Cumis
878 2135 1059 2215 suspectum
1082 2132 1203 2216 iugum,
1227 2133 1288 2196 viri

75 2283 77 2286 ’
163 2352 164 2356 ¹
229 2257 312 2320 docti
346 2279 409 2319 non
443 2256 679 2320 intellexerunt.
725 2255 898 2339 Rupertius
931 2257 968 2319 de
992 2255 1131 2320 Vesuvio
1156 2257 1290 2341 cogitat,

229 2381 319 2464 quasi
343 2381 491 2446 Cumanis
515 2385 586 2463 post
611 2381 809 2464 eruptionem
833 2367 906 2443 anni
932 2381 972 2445 79
989 2385 1151 2464 suspect03
1175 2379 1288 2444 Weid-

228 2528 285 2569 ner
320 2507 357 2569 de
394 2507 456 2569 alio
492 2508 607 2585 monte,
643 2505 777 2569 fortasse
808 2506 846 2568 de
870 2505 1002 2581 Miseno,
1026 2505 1175 2588 loquitur,
1200 2505 1287 2568 cuius

227 2631 342 2705 molem
376 2636 442 2693 tarn
478 2631 574 2693 altam
600 2653 667 2704 esse
691 2634 793 2714 putat,
818 2634 853 2693 ut
875 2630 1039 2694 cacumina
1063 2631 1130 2693 eius
1155 2629 1288 2692 Cumani

228 2755 387 2837 suspicere
422 2754 484 2818 nisi
520 2755 703 2837 resupinato
727 2755 916 2837 capitenon
939 2755 1109 2838 potuerint.
1157 2753 1290 2817 Heinri-

229 2879 318 2942 chius
353 2879 530 2943 subiectum
560 2879 652 2964 legit,
676 2880 696 2942 1.
722 2902 748 2943 e.
773 2879 922 2956 vicinum,
946 2879 1076 2941 namin
1099 2878 1186 2941 urbis
1210 2879 1288 2942 vici-

228 3004 328 3067 nitate
363 3004 471 3067 vinum
495 3003 668 3082 colebatur,
692 3004 776 3086 quod
800 3003 922 3067 Plinius
945 3002 1112 3067 Urbanum
1136 3002 1286 3085 appellat.

227 3124 301 3190 Non
335 3131 370 3190 ut
393 3128 474 3191 hane
502 3129 707 3211 quaestionem
733 3129 900 3192 admodum
924 3126 1083 3190 difficilem
1107 3125 1286 3205 dissolvam,

228 3253 283 3315 sed
310 3256 346 3315 ut
368 3274 498 3334 parcam
521 3253 624 3316 lucem
648 3252 788 3316 tenebris
812 3253 1008 3328 admoveam,
1032 3272 1141 3314 versus
1166 3251 1290 3333 aliquos
1379 3239 1386 3246 ⁸

175 3442 180 3451 ,
229 3376 397 3453 adferam·
416 3377 471 3458 qui
504 3376 583 3440 mihi
617 3376 756 3441 Aetnam
790 3375 906 3439 Lucilii
941 3373 1075 3439 Iunioris
1094 3374 1231 3466 *legenti
1255 3376 1289 3438 in

229 3500 335 3563 oculos
370 3500 579 3578 incurrerunt,
612 3498 1011 3584 quiquercommunitatem
1035 3499 1193 3581 quandam
1217 3519 1289 3560 cum
1394 3536 1397 3541 ‹

229 3645 266 3687 eo
288 3623 366 3703 loco,
391 3624 429 3688 de
452 3647 514 3709 quo
538 3647 621 3688 nunc
644 3645 747 3688 sermo
766 3627 824 3703 est,
840 3623 958 3688 habere
975 3625 1174 3688 videbantur.
1209 3621 1293 3686 Sunt

228 3771 279 3812 vv.
303 3748 535 3827 4272-42-91n

337 3960 357 4029 ¹)
377 3962 469 4015 Aaron
487 3961 599 4025 11101111,
619 3959 649 4012 in
668 3960 832 4016 collectione
850 3959 1028 4024 Nisardiana,
1047 3959 1126 4013 Paris
1146 3960 1222 4013 1818.
