2828 4612
607 288 802 351 —142-

177 464 240 529 Cfr.
277 464 316 530 X.
353 467 394 530 90
418 488 497 549 sqq,
527 465 784 530 183-—1850en
831 464 907 528 Alia
930 464 1149 548 interrogatio,
1172 466 1233 528 nori

174 590 287 674 ignota
322 590 422 663 nobie,
458 611 488 653 v.
516 591 577 654 140
602 590 748 655 occurrit.
796 590 839 653 Et
861 589 1011 673 qnoniam
1035 590 1073 653 de
1097 590 1233 653 interro·

103 728 106 739 '
175 714 357 797 [rationibus
381 736 484 777 sermo
506 718 564 791 est,
581 715 743 793 addamne,
760 714 890 777 satiram
906 714 1050 797 quintam
1067 714 1233 793 decimam,

175 860 269 920 quem
304 838 344 901 ad
378 839 504 901 modum
540 839 580 902 ab
615 839 862 922 interrogatione
897 839 1039 921 incipiat,
1067 839 1113 902 sio
1138 839 1231 903 etiam
1289 807 1310 903 ἱ.

175 963 312 1026 similem
335 964 454 1026 exitum
479 963 607 1026 habere.

280 1087 394 1151 Restat
410 1091 444 1151 ut
461 1088 580 1171 aliquid
598 1089 635 1151 de
653 1110 690 1151 ea
706 1089 880 1171 quaestione
894 1088 1017 1167 addam,
1031 1110 1102 1170 qnae
1115 1111 1235 1173 magna

175 1233 214 1275 ex
246 1215 337 1294 parte
361 1214 430 1275 orta
453 1235 469 1275 e
493 1235 542 1275 vv.
569 1214 699 1275 44—46
724 1212 817 1276 huius
841 1213 947 1275 satirae
971 1215 1018 1276 tot
1041 1234 1134 1276 curas
1156 1215 1235 1277 viris

174 1336 274 1401 dootis
294 1338 410 1409 attulit,
427 1338 631 1421 quaestionem
649 1337 718 1400 dioo
735 1338 773 1400 de
790 1337 900 1400 exsilio
917 1334 1086 1411 Iuvenalis.
1126 1337 1229 1404 Amb-
1275 1340 1278 1343 ’

120 1526 122 1530 ,
174 1462 220 1545 igi
244 1462 328 1525 enim
352 1462 429 1524 sotis
452 1467 561 1526 notum
585 1468 633 1525 est
656 1466 688 1525 et
712 1462 750 1524 de
774 1463 843 1544 ipso
868 1462 979 1525 exsilio
1003 1466 1034 1524 et
1058 1463 1097 1525 de
1115 1484 1234 1547 genere

175 1586 278 1648 exsilii
302 1590 333 1649 et
358 1587 395 1649 de
419 1587 487 1650 looo
511 1586 624 1650 exsilii.
664 1585 740 1660 Quae
765 1586 897 1668 qnaestio
921 1587 961 1649 ad
983 1586 1141 1669 liquidum
1165 1588 1234 1652 sine

174 1711 269 1774 dnbio
292 1733 464 1793 numquam
489 1712 647 1794 explorari
672 1711 798 1794 poterit,
822 1733 896 1773 nam
913 1733 983 1794 quae
1000 1712 1039 1774 de
1056 1734 1094 1774 ea
1109 1717 1235 1776 veteres

174 1836 266 1898 nobis
290 1836 489 1898 tradiderunt
513 1836 591 1898 adeo
614 1837 743 1899 confusa
767 1840 799 1898 et
822 1837 980 1898 contraria
1004 1839 1086 1910 sunt,
1104 1838 1234 1920 utquid

173 1982 284 2022 verum
318 1961 369 2039 sit,
406 1961 482 2043 quid
518 1960 642 2037 falsum,
676 1962 737 2023 nisi
761 1961 948 2024 coniecturis
974 1961 1147 2024 diiudicare
1172 1984 1235 2061 non

174 2085 337 2166 possimne.
385 2083 517 2159 Qualem
541 2086 658 2148 exitum
683 2084 841 2149 Iuvenalis
865 2086 1023 2163 habuerit,
1047 2108 1236 2170 numquam,

173 2210 293 2292 opinor,
329 2215 525 2293 compertum
561 2210 756 2274 habebimus.
806 2209 935 2272 Pulsum
971 2233 1037 2273 esse
1074 2233 1146 2273 eum
1177 2212 1237 2275 ali-

173 2335 298 2417 quando
332 2337 437 2418 patria
464 2335 531 2397 veri
555 2335 657 2397 simile
681 2336 817 2412 ridetur,
842 2335 879 2397 de
903 2335 973 2416 ipsa
996 2337 1098 2397 forma
1121 2357 1237 2418 poenae

174 2460 343 2542 disceptari
373 2463 488 2541 potest,
513 2481 549 2521 eo
573 2459 676 2543 magis
699 2460 782 2542 quod
805 2459 869 2521 illis
893 2459 1088 2541 temporibus
1112 2481 1240 2543 genera

173 2573 345 2666 poenarum
368 2588 401 2646 et
424 2583 655 2667 relegationum
679 2584 816 2646 nondum
840 2584 923 2645 inter
938 2605 972 2645 se
989 2585 1064 2646 satis
1082 2584 1241 2648 distincta

174 2712 264 2771 erant
284 2708 316 2789 ¹).

280 2831 356 2907 Quae
392 2853 463 2894 eum
490 2832 535 2894 ita
559 2833 620 2895 sint
643 2855 707 2895 non
729 2832 844 2894 mirum
869 2835 926 2907 est,
950 2832 1124 2894 sententias
1147 2833 1242 2898 viro-

173 2978 241 3018 rum
267 2957 429 3019 doetornm
444 2957 536 3019 ualde
553 2957 725 3020 contrarias
742 2978 820 3019 esse.
857 2955 996 3030 Quarum
1013 2961 1048 3018 ut
1063 2958 1242 3021 nonnullas

173 3081 362 3157 adferamus
398 3080 616 3144 Hennannus:
653 3080 818 3157 Traianus,
842 3081 944 3162 inquit
960 3080 996 3157 2),
1027 3085 1114 3144 certe
1139 3078 1241 3146 Iuve-

172 3206 276 3268 nalem
308 3206 340 3267 in
376 3206 522 3269 exsilium
557 3207 683 3268 mittere
707 3206 760 3267 rix
784 3201 897 3288 potuit,
921 3206 970 3267 sin
993 3204 1052 3268 hoc
1077 3229 1095 3268 a
1121 3205 1241 3270 Domi-

172 3331 258 3394 tiano
296 3334 428 3413 propter
466 3330 611 3393 Paridem
651 3330 771 3392 factum
806 3351 874 3392 esse
909 3330 1087 3405 statuimus
1127 3331 1242 3413 ipsum

282 3613 301 3665 ‘l
321 3615 349 3666 L.
369 3614 405 3666 M.
425 3615 586 3666 Hanrnsxx:
613 3613 653 3665 De
671 3611 756 3665 exilio
775 3612 848 3679 apud
868 3613 1007 3666 Romanos
1019 3612 1084 3666 inde
1097 3613 1135 3666 ab
1149 3613 1241 3669 initio

171 3703 309 3758 bellorum
330 3702 456 3756 civilium
475 3719 561 3769 usque
580 3685 615 3753 ad
635 3700 729 3754 Severi
749 3700 899 3753 Alexandri
912 3701 1109 3769 principatum.
1142 3702 1241 3756 Berol.

175 3792 240 3846 1881
259 3810 286 3860 p.
306 3794 347 3843 49.

281 3878 300 3911 ³¹
322 3880 349 3933 C.
371 3880 399 3931 F.
421 3879 563 3931 Hunnaxx:
585 3879 625 3931 De
644 3878 784 3931 luvenalis
804 3882 855 3930 snt.
875 3879 935 3930 ΥΠ.
954 3877 1135 3945 temporibus.
1168 3879 1242 3934 Got-

171 3970 242 4038 ting.
263 3970 332 4021 1543
350 3987 377 4036 p.
399 3970 440 4020 11.
