2828 4612
616 297 790 360 ..44-

172 473 246 536 huic
279 440 463 558 parenthesi
497 495 565 537 esse
600 476 716 556 potest,
740 474 816 556 quia
838 474 1045 558 cogitationes
1068 473 1234 556 scriptoris

174 597 329 673 continet;
365 598 442 681 ipsis
476 599 706 680 spectatoribus
738 598 820 661 male
845 598 1039 676 attribuitur,
1065 597 1125 660 nisi
1149 598 1233 660 sorte

173 722 291 786 celeres
327 744 434 786 eorum
469 727 501 785 et
535 723 672 786 fervidos
706 744 865 786 sermones
900 722 1005 786 subito
1040 722 1231 786 flaccescere

174 847 264 911 velis.
309 844 350 910 V.
376 848 415 910 81
441 846 475 910 hi
491 869 651 910 sermones
668 848 901 926 continuantur,
918 848 982 910 iam
998 848 1130 910 fortasse
1147 847 1236 910 inter

176 973 250 1036 duos
274 974 435 1034 senatores
446 968 483 1053 ¹).
529 968 614 1034 Nam
638 970 731 1034 homo
754 972 792 1034 de
811 972 904 1054 plebe
922 972 1026 1034 dicere
1042 971 1096 1034 vix
1112 972 1233 1054 potuit:

142 1080 145 1088 ¹
175 1118 263 1158 meus
288 1095 462 1173 Bruridius,
486 1118 588 1178 neque
612 1097 803 1159 credendum
827 1102 884 1173 est,
910 1097 1042 1160 Aiacem
1066 1097 1095 1159 ei
1124 1101 1235 1159 notum

175 1220 283 1299 fuisse,
307 1242 410 1303 neque
434 1242 539 1284 servos
560 1220 673 1284 habuit
689 1220 731 1302 (v.
750 1221 814 1302 87).
852 1221 943 1284 Alter
960 1221 1052 1285 dicit:
1078 1221 1236 1303 perituros

178 1381 218 1388 *
233 1345 360 1437 multos,
378 1345 460 1408 alter
475 1345 661 1427 respondet:
679 1346 724 1408 nil
740 1346 870 1409 dubium
883 1383 923 1391 -
937 1346 1111 1410 fornacula.
1144 1345 1239 1409 Prior

176 1469 299 1554 pergit:
324 1469 495 1551 pallidulus
519 1473 579 1534 cet.
626 1469 736 1546 Credo,
761 1473 796 1532 ut
817 1470 965 1548 Kiaerius,
982 1474 1055 1554 post
1070 1471 1237 1533 fornacula

177 1597 294 1676 puncto
330 1616 398 1657 esse
429 1594 698 1678 distinguendum.
746 1594 851 1658 Ceteri
874 1617 983 1658 versus
1007 1616 1105 1677 usque
1130 1596 1169 1657 ad
1194 1597 1237 1659 88

178 1721 284 1782 utrum
320 1720 359 1782 ad
394 1741 491 1782 unum
519 1719 621 1781 suad
645 1719 752 1801 plures
776 1720 967 1801 pertineant,
993 1719 1159 1782 diiudicari
1182 1721 1240 1784 vix

178 1843 305 1926 poterit.
353 1842 450 1906 Parvi
473 1842 582 1906 refert.

286 1966 385 2030 Totus
418 1968 472 2030 ille
508 1969 546 2031 de
574 1967 688 2030 Seiano
711 1967 799 2031 locus
822 1968 993 2050 praeclarus
1018 1971 1066 2031 est
1089 1972 1240 2050 rectoque

181 2096 288 2157 monet
323 2093 472 2172 Kiaerius,
508 2093 683 2156 orationem
716 2096 818 2176 poetae
849 2096 915 2156 tam
938 2093 1077 2156 vividam
1100 2115 1178 2168 esse,
1203 2098 1241 2157 ut

180 2217 286 2280 omnia
310 2217 409 2280 oculis
433 2239 562 2280 cernere
586 2216 759 2281 videamur.
806 2216 886 2280 Sunt
910 2218 1006 2280 etiam
1029 2240 1099 2300 quae
1124 2218 1242 2281 simili·

180 2342 324 2406 tudinem
347 2341 487 2406 habeant
507 2363 582 2407 cum
606 2342 677 2405 aliis
700 2342 777 2405 locis
800 2340 1014 2406 luvenalianis
1031 2364 1163 2425 quaeque
1179 2365 1242 2405 nos

182 2469 297 2550 cogant
332 2487 403 2530 cum
437 2466 616 2530 Ribbeokio
641 2466 823 2546 dissentire,
842 2489 914 2529 cum
937 2467 970 2531 iu
995 2467 1243 2530 declamatorem

181 2591 351 2655 invehitur.
398 2591 448 2654 De
477 2591 566 2654 lauro
589 2591 807 2673 sacrificioque
831 2612 927 2673 supra
952 2592 1070 2654 dictum
1094 2596 1150 2654 est.
1198 2589 1243 2656 V.

184 2717 224 2779 70
260 2715 394 2778 multum
430 2736 593 2778 commune
617 2713 715 2778 habet
738 2737 816 2793 oum,
832 2712 890 2778 VI.
916 2716 1107 2792 219-2203
1143 2738 1171 2778 v.
1198 2717 1243 2779 84

183 2823 320 2903 conferri
355 2842 461 2921 potest
495 2860 566 2903 cum
600 2836 675 2902 VII.
713 2839 786 2903 115.
833 2837 964 2902 Aiacem
999 2839 1089 2929 illum
1119 2844 1160 2915 (v.
1186 2842 1244 2914 84)

184 2965 320 3027 eundem
343 2986 410 3027 esse
435 2967 529 3048 atque
554 2964 726 3038 Tiberium,
751 2962 862 3047 negari
886 2986 947 3027 non
970 2968 1084 3046 potest.
1132 2960 1163 3026 Is
1187 2965 1245 3047 qui

183 3090 329 3171 loquitur·
348 3111 381 3152 se
405 3090 517 3152 timere
541 3088 670 3166 fatetur,
694 3110 734 3151 ne
758 3088 842 3151 Aiax
865 3111 983 3172 poenas
1007 3090 1132 3173 exigat3
1157 3087 1245 3152 Aiax

183 3213 284 3296 igitur
317 3213 417 3276 iratus
453 3216 500 3276 est
535 3216 567 3276 et
594 3212 715 3295 placari
739 3214 843 3277 debet.
890 3211 1002 3296 Itaque
1026 3217 1153 3277 senator
1176 3213 1246 3293 ille,

171 3338 211 3401 ‘si
246 3338 338 3400 modo
373 3340 498 3401 senator
529 3340 587 3415 est,
612 3337 713 3400 amico
736 3338 857 3412 suadet,
882 3341 917 3400 ut
940 3359 1048 3400 secum
1071 3342 1179 3401 currat
1203 3339 1247 3402 ad

186 3461 318 3526 Gaesaris
353 3461 475 3525 hostem
510 3461 644 3544 pedibus
672 3461 868 3526 calcandum.
915 3459 966 3525 Sic
990 3466 1082 3545 putat
1105 3484 1138 3524 se
1162 3461 1247 3526 iram

187 3586 319 3650 Caesaris
354 3584 488 3666 (Aiacis)
523 3587 640 3668 optime
675 3587 873 3671 restinguere
909 3607 1009 3668 posse.
1057 3585 1124 3649 Alii
1148 3586 1247 3650 aliter

296 3850 316 3917 ¹)
335 3852 455 3905 Rrssncx
473 3852 493 3905 l.
511 3852 530 3905 l.
549 3870 575 3921 p.
596 3854 620 3906 6.
