<?xml version="1.0" encoding="UTF-8"?>
<!DOCTYPE html PUBLIC "-//W3C//DTD XHTML 1.0 Transitional//EN"
    "http://www.w3.org/TR/xhtml1/DTD/xhtml1-transitional.dtd">
<html xmlns="http://www.w3.org/1999/xhtml" xml:lang="en" lang="en">
 <head>
  <title>
</title>
<meta http-equiv="Content-Type" content="text/html;charset=utf-8" />
  <meta name='ocr-system' content='tesseract 3.04.00' />
  <meta name='ocr-capabilities' content='ocr_page ocr_carea ocr_par ocr_line ocrx_word'/>
</head>
<body>
  <div class='ocr_page' id='page_1' title='image "./deargumentidisp00gyllgoog_0120.png"; bbox 0 0 3062 4808; ppageno 0'>
   <div class='ocr_carea' id='block_1_1' title="bbox 602 390 793 452">
    <p class='ocr_par' dir='ltr' id='par_1_1' title="bbox 602 390 793 452">
     <span class='ocr_line' id='line_1_1' title="bbox 602 390 793 452; baseline 0.01 -2"><span class='ocrx_word' id='word_1_1' title='bbox 602 390 793 452; x_wconf 83' lang='lat'>-113-</span> 
     </span>
    </p>
   </div>
   <div class='ocr_carea' id='block_1_2' title="bbox 49 555 1226 648">
    <p class='ocr_par' dir='ltr' id='par_1_2' title="bbox 49 555 1226 648">
     <span class='ocr_line' id='line_1_2' title="bbox 49 555 1226 648; baseline -0.002 -20"><span class='ocrx_word' id='word_1_2' title='bbox 49 555 80 615; x_wconf 69' lang='lat'>&#39;¹</span> <span class='ocrx_word' id='word_1_3' title='bbox 166 565 242 643; x_wconf 91' lang='lat' dir='ltr'>sint,</span> <span class='ocrx_word' id='word_1_4' title='bbox 278 570 310 628; x_wconf 89' lang='lat' dir='ltr'>et</span> <span class='ocrx_word' id='word_1_5' title='bbox 343 566 399 628; x_wconf 91' lang='lat' dir='ltr'>illa</span> <span class='ocrx_word' id='word_1_6' title='bbox 433 566 531 628; x_wconf 86' lang='lat' dir='ltr'>verba</span> <span class='ocrx_word' id='word_1_7' title='bbox 566 565 670 648; x_wconf 86' lang='lat' dir='ltr'>aptius</span> <span class='ocrx_word' id='word_1_8' title='bbox 695 585 766 628; x_wconf 87' lang='lat' dir='ltr'>cum</span> <span class='ocrx_word' id='word_1_9' title='bbox 789 565 959 628; x_wconf 86' lang='lat' dir='ltr'>formidine</span> <span class='ocrx_word' id='word_1_10' title='bbox 983 555 1226 648; x_wconf 75' lang='lat' dir='ltr'>coniungantur.</span> 
     </span>
    </p>
   </div>
   <div class='ocr_carea' id='block_1_3' title="bbox 133 679 1228 2380">
    <p class='ocr_par' dir='ltr' id='par_1_3' title="bbox 166 679 1158 764">
     <span class='ocr_line' id='line_1_3' title="bbox 166 679 1158 764; baseline 0 -12"><span class='ocrx_word' id='word_1_11' title='bbox 166 689 230 752; x_wconf 86' lang='lat' dir='ltr'>Ad.</span> <span class='ocrx_word' id='word_1_12' title='bbox 255 713 304 753; x_wconf 83' lang='lat' dir='ltr'>vv.</span> <span class='ocrx_word' id='word_1_13' title='bbox 331 679 504 753; x_wconf 50' lang='lat'>1124119</span> <span class='ocrx_word' id='word_1_14' title='bbox 529 689 587 753; x_wconf 86' lang='lat' dir='ltr'>cfr.</span> <span class='ocrx_word' id='word_1_15' title='bbox 612 687 654 752; x_wconf 92' lang='grc' dir='ltr'>ΙΙ.</span> <span class='ocrx_word' id='word_1_16' title='bbox 680 691 866 764; x_wconf 81' lang='lat'>126—132,</span> <span class='ocrx_word' id='word_1_17' title='bbox 890 687 948 752; x_wconf 83' lang='lat' dir='ltr'>VI.</span> <span class='ocrx_word' id='word_1_18' title='bbox 974 691 1158 753; x_wconf 78' lang='lat'><strong>393-395.</strong></span> 
     </span>
    </p>

    <p class='ocr_par' dir='ltr' id='par_1_4' title="bbox 133 801 1228 2380">
     <span class='ocr_line' id='line_1_4' title="bbox 274 801 1228 896; baseline 0.002 -21"><span class='ocrx_word' id='word_1_19' title='bbox 274 812 429 877; x_wconf 83' lang='lat' dir='ltr'>Venimus</span> <span class='ocrx_word' id='word_1_20' title='bbox 453 814 493 877; x_wconf 92' lang='lat' dir='ltr'>ad</span> <span class='ocrx_word' id='word_1_21' title='bbox 518 838 566 878; x_wconf 79' lang='lat' dir='ltr'>vr.</span> <span class='ocrx_word' id='word_1_22' title='bbox 593 816 776 879; x_wconf 74' lang='lat' dir='ltr'>rao—173.</span> <span class='ocrx_word' id='word_1_23' title='bbox 815 813 880 878; x_wconf 86' lang='lat' dir='ltr'>Vix</span> <span class='ocrx_word' id='word_1_24' title='bbox 903 835 982 896; x_wconf 91' lang='lat' dir='ltr'>opus</span> <span class='ocrx_word' id='word_1_25' title='bbox 999 801 1053 876; x_wconf 32' lang='lat' dir='ltr'>‘est</span> <span class='ocrx_word' id='word_1_26' title='bbox 1069 836 1107 878; x_wconf 88' lang='lat' dir='ltr'>ea</span> <span class='ocrx_word' id='word_1_27' title='bbox 1122 814 1228 877; x_wconf 84' lang='lat' dir='ltr'>omnia</span> 
     </span>
     <span class='ocr_line' id='line_1_5' title="bbox 168 937 1227 1022; baseline -0.001 -22"><span class='ocrx_word' id='word_1_28' title='bbox 168 942 323 1020; x_wconf 87' lang='lat' dir='ltr'>repetere,</span> <span class='ocrx_word' id='word_1_29' title='bbox 359 960 429 1020; x_wconf 87' lang='lat' dir='ltr'>quae</span> <span class='ocrx_word' id='word_1_30' title='bbox 453 939 492 1001; x_wconf 93' lang='lat' dir='ltr'>de</span> <span class='ocrx_word' id='word_1_31' title='bbox 517 938 766 1022; x_wconf 84' lang='lat' dir='ltr'>digressionibus</span> <span class='ocrx_word' id='word_1_32' title='bbox 790 937 1003 1002; x_wconf 82' lang='lat' dir='ltr'>Iuvenalinnis</span> <span class='ocrx_word' id='word_1_33' title='bbox 1026 961 1123 1020; x_wconf 88' lang='lat' dir='ltr'>supra</span> <span class='ocrx_word' id='word_1_34' title='bbox 1146 938 1227 1000; x_wconf 84' lang='lat' dir='ltr'>dixi-</span> 
     </span>
     <span class='ocr_line' id='line_1_6' title="bbox 133 1044 1227 1146; baseline 0.002 -22"><span class='ocrx_word' id='word_1_35' title='bbox 133 1128 135 1132; x_wconf 62' lang='grc'>,</span> <span class='ocrx_word' id='word_1_36' title='bbox 166 1084 247 1126; x_wconf 86' lang='lat' dir='ltr'>mus.</span> <span class='ocrx_word' id='word_1_37' title='bbox 306 1060 488 1126; x_wconf 86' lang='lat' dir='ltr'>Notissimae</span> <span class='ocrx_word' id='word_1_38' title='bbox 527 1068 601 1125; x_wconf 87' lang='lat' dir='ltr'>sunt</span> <span class='ocrx_word' id='word_1_39' title='bbox 634 1062 685 1126; x_wconf 81' lang='lat' dir='ltr'>hae</span> <span class='ocrx_word' id='word_1_40' title='bbox 721 1063 943 1146; x_wconf 77' lang='lat' dir='ltr'>digressiones,</span> <span class='ocrx_word' id='word_1_41' title='bbox 979 1044 1040 1126; x_wconf 86' lang='lat' dir='ltr'>ubi</span> <span class='ocrx_word' id='word_1_42' title='bbox 1067 1061 1227 1126; x_wconf 83' lang='lat' dir='ltr'>Iuvenalis</span> 
     </span>
     <span class='ocr_line' id='line_1_7' title="bbox 168 1186 1228 1270; baseline 0.002 -22"><span class='ocrx_word' id='word_1_43' title='bbox 168 1187 343 1249; x_wconf 87' lang='lat' dir='ltr'>orationem</span> <span class='ocrx_word' id='word_1_44' title='bbox 377 1187 592 1268; x_wconf 76' lang='lat' dir='ltr'>interrumpit,</span> <span class='ocrx_word' id='word_1_45' title='bbox 627 1190 663 1250; x_wconf 88' lang='lat' dir='ltr'>nt</span> <span class='ocrx_word' id='word_1_46' title='bbox 697 1188 787 1270; x_wconf 89' lang='lat' dir='ltr'>quasi</span> <span class='ocrx_word' id='word_1_47' title='bbox 822 1188 855 1250; x_wconf 94' lang='lat' dir='ltr'>in</span> <span class='ocrx_word' id='word_1_48' title='bbox 889 1186 1073 1269; x_wconf 77' lang='lat' dir='ltr'>parenthesi</span> <span class='ocrx_word' id='word_1_49' title='bbox 1107 1187 1228 1269; x_wconf 86' lang='lat' dir='ltr'>aliquid</span> 
     </span>
     <span class='ocr_line' id='line_1_8' title="bbox 165 1282 1227 1394; baseline -0.001 -21"><span class='ocrx_word' id='word_1_50' title='bbox 165 1304 274 1385; x_wconf 80' lang='lat' dir='ltr'>addat,</span> <span class='ocrx_word' id='word_1_51' title='bbox 299 1311 382 1393; x_wconf 93' lang='lat' dir='ltr'>quod</span> <span class='ocrx_word' id='word_1_52' title='bbox 406 1311 446 1373; x_wconf 87' lang='lat' dir='ltr'>ad</span> <span class='ocrx_word' id='word_1_53' title='bbox 470 1282 665 1374; x_wconf 86' lang='lat' dir='ltr'>adversarios</span> <span class='ocrx_word' id='word_1_54' title='bbox 687 1312 915 1374; x_wconf 86' lang='lat' dir='ltr'>convincendos</span> <span class='ocrx_word' id='word_1_55' title='bbox 932 1333 1084 1394; x_wconf 85' lang='lat' dir='ltr'>suamque</span> <span class='ocrx_word' id='word_1_56' title='bbox 1100 1315 1227 1374; x_wconf 87' lang='lat' dir='ltr'>senteu-</span> 
     </span>
     <span class='ocr_line' id='line_1_9' title="bbox 169 1434 1228 1519; baseline 0.001 -22"><span class='ocrx_word' id='word_1_57' title='bbox 169 1436 248 1498; x_wconf 85' lang='lat' dir='ltr'>tiam</span> <span class='ocrx_word' id='word_1_58' title='bbox 272 1436 539 1518; x_wconf 89' lang='lat' dir='ltr'>comprobandam</span> <span class='ocrx_word' id='word_1_59' title='bbox 561 1436 677 1499; x_wconf 85' lang='lat' dir='ltr'>valeat.</span> <span class='ocrx_word' id='word_1_60' title='bbox 717 1434 856 1509; x_wconf 81' lang='lat' dir='ltr'>Quarum</span> <span class='ocrx_word' id='word_1_61' title='bbox 873 1436 1103 1519; x_wconf 83' lang='lat' dir='ltr'>digressionum</span> <span class='ocrx_word' id='word_1_62' title='bbox 1121 1458 1228 1498; x_wconf 89' lang='lat' dir='ltr'>exem·</span> 
     </span>
     <span class='ocr_line' id='line_1_10' title="bbox 165 1558 1227 1642; baseline 0 -20"><span class='ocrx_word' id='word_1_63' title='bbox 165 1560 257 1641; x_wconf 88' lang='lat' dir='ltr'>plum</span> <span class='ocrx_word' id='word_1_64' title='bbox 291 1565 339 1623; x_wconf 88' lang='lat' dir='ltr'>est</span> <span class='ocrx_word' id='word_1_65' title='bbox 374 1583 425 1624; x_wconf 82' lang='lat' dir='ltr'>vv.</span> <span class='ocrx_word' id='word_1_66' title='bbox 463 1561 645 1623; x_wconf 78' lang='lat'>129-134.</span> <span class='ocrx_word' id='word_1_67' title='bbox 693 1558 727 1623; x_wconf 82' lang='lat' dir='ltr'>Si</span> <span class='ocrx_word' id='word_1_68' title='bbox 760 1559 829 1622; x_wconf 90' lang='lat' dir='ltr'>haec</span> <span class='ocrx_word' id='word_1_69' title='bbox 863 1560 1062 1642; x_wconf 88' lang='lat' dir='ltr'>parenthesis</span> <span class='ocrx_word' id='word_1_70' title='bbox 1087 1561 1227 1638; x_wconf 88' lang='lat' dir='ltr'>reicitur,</span> 
     </span>
     <span class='ocr_line' id='line_1_11' title="bbox 166 1683 1226 1766; baseline 0 -20"><span class='ocrx_word' id='word_1_71' title='bbox 166 1683 360 1746; x_wconf 87' lang='lat' dir='ltr'>cohaerentia</span> <span class='ocrx_word' id='word_1_72' title='bbox 384 1706 502 1762; x_wconf 87' lang='lat' dir='ltr'>eorum,</span> <span class='ocrx_word' id='word_1_73' title='bbox 526 1706 596 1766; x_wconf 88' lang='lat' dir='ltr'>quae</span> <span class='ocrx_word' id='word_1_74' title='bbox 620 1707 670 1747; x_wconf 78' lang='lat' dir='ltr'>vv,</span> <span class='ocrx_word' id='word_1_75' title='bbox 697 1685 869 1747; x_wconf 79' lang='grc'><strong>126-128</strong></span> <span class='ocrx_word' id='word_1_76' title='bbox 895 1687 977 1762; x_wconf 90' lang='lat' dir='ltr'>sunt,</span> <span class='ocrx_word' id='word_1_77' title='bbox 1001 1706 1072 1747; x_wconf 89' lang='lat' dir='ltr'>cum</span> <span class='ocrx_word' id='word_1_78' title='bbox 1087 1684 1137 1762; x_wconf 92' lang='lat' dir='ltr'>iis,</span> <span class='ocrx_word' id='word_1_79' title='bbox 1155 1706 1226 1766; x_wconf 83' lang='lat' dir='ltr'>qnae</span> 
     </span>
     <span class='ocr_line' id='line_1_12' title="bbox 167 1808 1226 1893; baseline -0.001 -22"><span class='ocrx_word' id='word_1_80' title='bbox 167 1813 240 1891; x_wconf 88' lang='lat' dir='ltr'>post</span> <span class='ocrx_word' id='word_1_81' title='bbox 275 1831 303 1871; x_wconf 90' lang='lat' dir='ltr'>v.</span> <span class='ocrx_word' id='word_1_82' title='bbox 342 1810 404 1871; x_wconf 86' lang='grc'>134</span> <span class='ocrx_word' id='word_1_83' title='bbox 435 1808 596 1893; x_wconf 80' lang='lat' dir='ltr'>leguntur,</span> <span class='ocrx_word' id='word_1_84' title='bbox 621 1809 708 1872; x_wconf 88' lang='lat' dir='ltr'>nullo</span> <span class='ocrx_word' id='word_1_85' title='bbox 731 1809 822 1872; x_wconf 89' lang='lat' dir='ltr'>modo</span> <span class='ocrx_word' id='word_1_86' title='bbox 845 1809 987 1885; x_wconf 80' lang='lat' dir='ltr'>laeditur3</span> <span class='ocrx_word' id='word_1_87' title='bbox 1011 1808 1039 1870; x_wconf 89' lang='lat' dir='ltr'>si</span> <span class='ocrx_word' id='word_1_88' title='bbox 1061 1809 1226 1886; x_wconf 72' lang='lat' dir='ltr'>retinetur,</span> 
     </span>
     <span class='ocr_line' id='line_1_13' title="bbox 166 1921 1227 2017; baseline 0 -21"><span class='ocrx_word' id='word_1_89' title='bbox 166 1955 240 2016; x_wconf 82' lang='lat' dir='ltr'>quae</span> <span class='ocrx_word' id='word_1_90' title='bbox 264 1921 314 1998; x_wconf 69' lang='lat' dir='ltr'>v‘v.</span> <span class='ocrx_word' id='word_1_91' title='bbox 341 1936 513 2010; x_wconf 81' lang='grc'><strong>126-128</strong></span> <span class='ocrx_word' id='word_1_92' title='bbox 530 1937 758 2016; x_wconf 87' lang='lat' dir='ltr'>proponuntur,</span> <span class='ocrx_word' id='word_1_93' title='bbox 775 1956 967 2017; x_wconf 80' lang='lat' dir='ltr'>quamquam</span> <span class='ocrx_word' id='word_1_94' title='bbox 983 1933 1227 2016; x_wconf 77' lang='lat' dir='ltr'>explicationem</span> 
     </span>
     <span class='ocr_line' id='line_1_14' title="bbox 165 2057 1227 2142; baseline 0.002 -22"><span class='ocrx_word' id='word_1_95' title='bbox 165 2080 228 2122; x_wconf 86' lang='lat' dir='ltr'>uon</span> <span class='ocrx_word' id='word_1_96' title='bbox 255 2059 445 2137; x_wconf 85' lang='lat' dir='ltr'>desiderant,</span> <span class='ocrx_word' id='word_1_97' title='bbox 465 2064 574 2122; x_wconf 89' lang='lat' dir='ltr'>tamen</span> <span class='ocrx_word' id='word_1_98' title='bbox 591 2060 769 2123; x_wconf 87' lang='lat' dir='ltr'>distinctius</span> <span class='ocrx_word' id='word_1_99' title='bbox 786 2059 996 2142; x_wconf 79' lang='lat' dir='ltr'>explicantur.</span> <span class='ocrx_word' id='word_1_100' title='bbox 1034 2057 1095 2124; x_wconf 84' lang='lat' dir='ltr'>Sed</span> <span class='ocrx_word' id='word_1_101' title='bbox 1112 2081 1227 2142; x_wconf 85' lang='lat' dir='ltr'>paren-</span> 
     </span>
     <span class='ocr_line' id='line_1_15' title="bbox 165 2183 1227 2267; baseline 0.003 -22"><span class='ocrx_word' id='word_1_102' title='bbox 165 2183 266 2246; x_wconf 78' lang='lat' dir='ltr'>thesis</span> <span class='ocrx_word' id='word_1_103' title='bbox 304 2185 369 2248; x_wconf 91' lang='lat' dir='ltr'>iam</span> <span class='ocrx_word' id='word_1_104' title='bbox 407 2207 426 2247; x_wconf 87' lang='lat' dir='ltr'>a</span> <span class='ocrx_word' id='word_1_105' title='bbox 463 2208 492 2248; x_wconf 85' lang='lat' dir='ltr'>v.</span> <span class='ocrx_word' id='word_1_106' title='bbox 535 2186 595 2247; x_wconf 82' lang='lat'>129</span> <span class='ocrx_word' id='word_1_107' title='bbox 635 2185 757 2267; x_wconf 84' lang='lat' dir='ltr'>incipit,</span> <span class='ocrx_word' id='word_1_108' title='bbox 797 2189 832 2246; x_wconf 90' lang='lat' dir='ltr'>nt</span> <span class='ocrx_word' id='word_1_109' title='bbox 870 2183 895 2247; x_wconf 88' lang='grc'>1.</span> <span class='ocrx_word' id='word_1_110' title='bbox 938 2186 998 2246; x_wconf 82' lang='grc'>112</span> <span class='ocrx_word' id='word_1_111' title='bbox 1037 2183 1087 2246; x_wconf 91' lang='lat' dir='ltr'>his</span> <span class='ocrx_word' id='word_1_112' title='bbox 1122 2185 1227 2248; x_wconf 86' lang='lat' dir='ltr'>verbis</span> 
     </span>
     <span class='ocr_line' id='line_1_16' title="bbox 167 2309 343 2380; baseline 0.034 -10"><span class='ocrx_word' id='word_1_113' title='bbox 167 2309 343 2380; x_wconf 76' lang='lat' dir='ltr'>inducitur:</span> 
     </span>
    </p>
   </div>
   <div class='ocr_carea' id='block_1_4' title="bbox 292 2456 1106 2621">
    <p class='ocr_par' dir='ltr' id='par_1_5' title="bbox 292 2456 1106 2621">
     <span class='ocr_line' id='line_1_17' title="bbox 292 2456 1106 2532; baseline -0.001 -18"><span class='ocrx_word' id='word_1_114' title='bbox 292 2457 530 2532; x_wconf 87' lang='lat' dir='ltr'>quandoquidem</span> <span class='ocrx_word' id='word_1_115' title='bbox 553 2457 705 2516; x_wconf 88' lang='lat' dir='ltr'>internos</span> <span class='ocrx_word' id='word_1_116' title='bbox 728 2457 910 2514; x_wconf 86' lang='lat' dir='ltr'>sanct-issima</span> <span class='ocrx_word' id='word_1_117' title='bbox 934 2456 1106 2514; x_wconf 86' lang='lat' dir='ltr'>divitiarum</span> 
     </span>
     <span class='ocr_line' id='line_1_18' title="bbox 293 2565 435 2621; baseline 0.007 -1"><span class='ocrx_word' id='word_1_118' title='bbox 293 2565 435 2621; x_wconf 81' lang='lat' dir='ltr'>maiestas</span> 
     </span>
    </p>
   </div>
   <div class='ocr_carea' id='block_1_5' title="bbox 166 2725 1227 2809">
    <p class='ocr_par' dir='ltr' id='par_1_6' title="bbox 166 2725 1227 2809">
     <span class='ocr_line' id='line_1_19' title="bbox 166 2725 1227 2809; baseline 0 -21"><span class='ocrx_word' id='word_1_119' title='bbox 166 2748 230 2788; x_wconf 89' lang='lat' dir='ltr'>non</span> <span class='ocrx_word' id='word_1_120' title='bbox 266 2749 284 2788; x_wconf 87' lang='lat' dir='ltr'>a</span> <span class='ocrx_word' id='word_1_121' title='bbox 318 2749 347 2789; x_wconf 86' lang='lat' dir='ltr'>v.</span> <span class='ocrx_word' id='word_1_122' title='bbox 385 2728 458 2800; x_wconf 88' lang='grc'><strong>130,</strong></span> <span class='ocrx_word' id='word_1_123' title='bbox 494 2727 577 2809; x_wconf 88' lang='lat' dir='ltr'>qnod</span> <span class='ocrx_word' id='word_1_124' title='bbox 607 2727 684 2790; x_wconf 90' lang='lat' dir='ltr'>dicit</span> <span class='ocrx_word' id='word_1_125' title='bbox 707 2725 924 2804; x_wconf 87' lang='lat' dir='ltr'>Heinrichius,</span> <span class='ocrx_word' id='word_1_126' title='bbox 949 2726 1004 2808; x_wconf 90' lang='lat' dir='ltr'>qui</span> <span class='ocrx_word' id='word_1_127' title='bbox 1027 2729 1098 2809; x_wconf 88' lang='lat' dir='ltr'>post</span> <span class='ocrx_word' id='word_1_128' title='bbox 1120 2725 1227 2808; x_wconf 88' lang='lat' dir='ltr'>palma</span> 
     </span>
    </p>
   </div>
   <div class='ocr_carea' id='block_1_6' title="bbox 168 2851 1227 2935">
    <p class='ocr_par' dir='ltr' id='par_1_7' title="bbox 168 2851 1227 2935">
     <span class='ocr_line' id='line_1_20' title="bbox 168 2851 1227 2935; baseline 0 -22"><span class='ocrx_word' id='word_1_129' title='bbox 168 2854 333 2928; x_wconf 82' lang='lat' dir='ltr'>commata,</span> <span class='ocrx_word' id='word_1_130' title='bbox 369 2857 439 2934; x_wconf 85' lang='lat' dir='ltr'>post</span> <span class='ocrx_word' id='word_1_131' title='bbox 474 2851 588 2914; x_wconf 88' lang='lat' dir='ltr'>damno</span> <span class='ocrx_word' id='word_1_132' title='bbox 618 2855 735 2933; x_wconf 90' lang='lat' dir='ltr'>puncto</span> <span class='ocrx_word' id='word_1_133' title='bbox 760 2851 938 2935; x_wconf 83' lang='lat' dir='ltr'>distinguit,</span> <span class='ocrx_word' id='word_1_134' title='bbox 962 2852 1046 2934; x_wconf 89' lang='lat' dir='ltr'>quod</span> <span class='ocrx_word' id='word_1_135' title='bbox 1070 2851 1227 2913; x_wconf 88' lang='lat' dir='ltr'>sententia</span> 
     </span>
    </p>
   </div>
   <div class='ocr_carea' id='block_1_7' title="bbox 167 2940 1225 3058">
    <p class='ocr_par' dir='ltr' id='par_1_8' title="bbox 167 2940 1225 3058">
     <span class='ocr_line' id='line_1_21' title="bbox 167 2940 1225 3058; baseline -0.001 -20"><span class='ocrx_word' id='word_1_136' title='bbox 167 2940 239 3058; x_wconf 75' lang='lat' dir='ltr'>piost</span> <span class='ocrx_word' id='word_1_137' title='bbox 263 2977 377 3038; x_wconf 88' lang='lat' dir='ltr'>damno</span> <span class='ocrx_word' id='word_1_138' title='bbox 400 2975 495 3057; x_wconf 86' lang='lat' dir='ltr'>plena</span> <span class='ocrx_word' id='word_1_139' title='bbox 518 2976 568 3037; x_wconf 91' lang='lat' dir='ltr'>sit.</span> <span class='ocrx_word' id='word_1_140' title='bbox 608 2974 806 3058; x_wconf 82' lang='lat' dir='ltr'>Quamquam</span> <span class='ocrx_word' id='word_1_141' title='bbox 829 2998 858 3038; x_wconf 83' lang='lat' dir='ltr'>v.</span> <span class='ocrx_word' id='word_1_142' title='bbox 885 2977 947 3038; x_wconf 73' lang='lat'>129</span> <span class='ocrx_word' id='word_1_143' title='bbox 973 2976 1069 3038; x_wconf 86' lang='lat' dir='ltr'>etiam</span> <span class='ocrx_word' id='word_1_144' title='bbox 1089 2997 1160 3037; x_wconf 91' lang='lat' dir='ltr'>curn</span> <span class='ocrx_word' id='word_1_145' title='bbox 1175 2975 1225 3054; x_wconf 85' lang='lat' dir='ltr'>iis,</span> 
     </span>
    </p>
   </div>
   <div class='ocr_carea' id='block_1_8' title="bbox 168 3098 1100 3183">
    <p class='ocr_par' dir='ltr' id='par_1_9' title="bbox 168 3098 1100 3183">
     <span class='ocr_line' id='line_1_22' title="bbox 168 3098 1100 3183; baseline -0.001 -20"><span class='ocrx_word' id='word_1_146' title='bbox 168 3122 239 3183; x_wconf 85' lang='lat' dir='ltr'>quae</span> <span class='ocrx_word' id='word_1_147' title='bbox 265 3100 459 3183; x_wconf 87' lang='lat' dir='ltr'>praecedunt,</span> <span class='ocrx_word' id='word_1_148' title='bbox 484 3100 740 3163; x_wconf 82' lang='lat' dir='ltr'>communitatem</span> <span class='ocrx_word' id='word_1_149' title='bbox 764 3099 872 3177; x_wconf 85' lang='lat' dir='ltr'>habet,</span> <span class='ocrx_word' id='word_1_150' title='bbox 897 3104 931 3162; x_wconf 92' lang='lat' dir='ltr'>ut</span> <span class='ocrx_word' id='word_1_151' title='bbox 955 3098 994 3162; x_wconf 86' lang='lat' dir='ltr'>X.</span> <span class='ocrx_word' id='word_1_152' title='bbox 1021 3101 1100 3163; x_wconf 77' lang='lat'>146:</span> 
     </span>
    </p>
   </div>
   <div class='ocr_carea' id='block_1_9' title="bbox 246 3265 1159 3340">
    <p class='ocr_par' dir='ltr' id='par_1_10' title="bbox 246 3265 1159 3340">
     <span class='ocr_line' id='line_1_23' title="bbox 246 3265 1159 3340; baseline -0.001 -17"><span class='ocrx_word' id='word_1_153' title='bbox 246 3266 485 3340; x_wconf 87' lang='lat' dir='ltr'>quandoquidem</span> <span class='ocrx_word' id='word_1_154' title='bbox 511 3266 580 3322; x_wconf 88' lang='lat' dir='ltr'>data</span> <span class='ocrx_word' id='word_1_155' title='bbox 604 3268 674 3322; x_wconf 90' lang='lat' dir='ltr'>sunt</span> <span class='ocrx_word' id='word_1_156' title='bbox 696 3265 766 3340; x_wconf 88' lang='lat' dir='ltr'>ipsis</span> <span class='ocrx_word' id='word_1_157' title='bbox 790 3284 908 3339; x_wconf 86' lang='lat' dir='ltr'>quoque</span> <span class='ocrx_word' id='word_1_158' title='bbox 932 3266 995 3322; x_wconf 85' lang='lat' dir='ltr'>fata</span> <span class='ocrx_word' id='word_1_159' title='bbox 1019 3265 1159 3340; x_wconf 84' lang='lat' dir='ltr'>sepulcris</span> 
     </span>
    </p>
   </div>
   <div class='ocr_carea' id='block_1_10' title="bbox 168 3428 1227 4011">
    <p class='ocr_par' dir='ltr' id='par_1_11' title="bbox 168 3428 1227 4011">
     <span class='ocr_line' id='line_1_24' title="bbox 170 3428 1225 3511; baseline 0.002 -21"><span class='ocrx_word' id='word_1_160' title='bbox 170 3432 279 3492; x_wconf 90' lang='lat' dir='ltr'>tamen</span> <span class='ocrx_word' id='word_1_161' title='bbox 314 3428 373 3492; x_wconf 83' lang='lat' dir='ltr'>hoc</span> <span class='ocrx_word' id='word_1_162' title='bbox 400 3429 469 3492; x_wconf 89' lang='lat' dir='ltr'>loco</span> <span class='ocrx_word' id='word_1_163' title='bbox 491 3429 591 3492; x_wconf 85' lang='lat' dir='ltr'>mutto</span> <span class='ocrx_word' id='word_1_164' title='bbox 615 3428 728 3491; x_wconf 83' lang='lat' dir='ltr'>meiius</span> <span class='ocrx_word' id='word_1_165' title='bbox 752 3429 790 3490; x_wconf 91' lang='lat' dir='ltr'>iis</span> <span class='ocrx_word' id='word_1_166' title='bbox 815 3429 916 3506; x_wconf 90' lang='lat' dir='ltr'>datur,</span> <span class='ocrx_word' id='word_1_167' title='bbox 941 3450 1010 3511; x_wconf 89' lang='lat' dir='ltr'>quae</span> <span class='ocrx_word' id='word_1_168' title='bbox 1035 3433 1225 3511; x_wconf 86' lang='lat' dir='ltr'>sequuntur;</span> 
     </span>
     <span class='ocr_line' id='line_1_25' title="bbox 168 3553 1226 3636; baseline 0 -20"><span class='ocrx_word' id='word_1_169' title='bbox 168 3577 272 3636; x_wconf 86' lang='lat' dir='ltr'>neque</span> <span class='ocrx_word' id='word_1_170' title='bbox 308 3555 392 3616; x_wconf 90' lang='lat' dir='ltr'>enim</span> <span class='ocrx_word' id='word_1_171' title='bbox 427 3577 456 3634; x_wconf 66' lang='lat' dir='ltr'>r,</span> <span class='ocrx_word' id='word_1_172' title='bbox 486 3555 548 3617; x_wconf 84' lang='lat'>130</span> <span class='ocrx_word' id='word_1_173' title='bbox 573 3553 761 3631; x_wconf 90' lang='lat' dir='ltr'>coniunctio,</span> <span class='ocrx_word' id='word_1_174' title='bbox 787 3575 856 3635; x_wconf 87' lang='lat' dir='ltr'>quae</span> <span class='ocrx_word' id='word_1_175' title='bbox 882 3557 929 3616; x_wconf 86' lang='lat' dir='ltr'>est</span> <span class='ocrx_word' id='word_1_176' title='bbox 953 3559 994 3632; x_wconf 85' lang='lat' dir='ltr'>et,</span> <span class='ocrx_word' id='word_1_177' title='bbox 1018 3576 1132 3618; x_wconf 86' lang='lat' dir='ltr'>novam</span> <span class='ocrx_word' id='word_1_178' title='bbox 1154 3575 1226 3616; x_wconf 91' lang='lat' dir='ltr'>sen·</span> 
     </span>
     <span class='ocr_line' id='line_1_26' title="bbox 168 3677 1225 3760; baseline 0.001 -19"><span class='ocrx_word' id='word_1_179' title='bbox 168 3680 303 3742; x_wconf 86' lang='lat' dir='ltr'>tentiam</span> <span class='ocrx_word' id='word_1_180' title='bbox 339 3680 418 3743; x_wconf 88' lang='lat' dir='ltr'>bene</span> <span class='ocrx_word' id='word_1_181' title='bbox 441 3680 573 3742; x_wconf 91' lang='lat' dir='ltr'>inducit.</span> <span class='ocrx_word' id='word_1_182' title='bbox 618 3677 732 3760; x_wconf 89' lang='lat' dir='ltr'>Neque</span> <span class='ocrx_word' id='word_1_183' title='bbox 756 3682 842 3741; x_wconf 86' lang='lat' dir='ltr'>recte</span> <span class='ocrx_word' id='word_1_184' title='bbox 868 3678 1072 3741; x_wconf 86' lang='lat' dir='ltr'>Heinrichius</span> <span class='ocrx_word' id='word_1_185' title='bbox 1095 3679 1225 3759; x_wconf 86' lang='lat' dir='ltr'>iudicat,</span> 
     </span>
     <span class='ocr_line' id='line_1_27' title="bbox 170 3803 1227 3888; baseline -0.001 -21"><span class='ocrx_word' id='word_1_186' title='bbox 170 3827 239 3868; x_wconf 89' lang='lat' dir='ltr'>cnm</span> <span class='ocrx_word' id='word_1_187' title='bbox 275 3827 305 3866; x_wconf 91' lang='lat' dir='ltr'>v.</span> <span class='ocrx_word' id='word_1_188' title='bbox 344 3805 404 3867; x_wconf 76' lang='grc'>131</span> <span class='ocrx_word' id='word_1_189' title='bbox 439 3803 625 3888; x_wconf 85' lang='lat' dir='ltr'>languidum</span> <span class='ocrx_word' id='word_1_190' title='bbox 661 3804 811 3886; x_wconf 86' lang='lat' dir='ltr'>appellat.</span> <span class='ocrx_word' id='word_1_191' title='bbox 859 3803 946 3866; x_wconf 85' lang='lat' dir='ltr'>Finit</span> <span class='ocrx_word' id='word_1_192' title='bbox 973 3803 1025 3866; x_wconf 89' lang='lat' dir='ltr'>hic</span> <span class='ocrx_word' id='word_1_193' title='bbox 1049 3826 1167 3882; x_wconf 71' lang='lat' dir='ltr'>versus</span> <span class='ocrx_word' id='word_1_194' title='bbox 1192 3808 1227 3866; x_wconf 89' lang='lat' dir='ltr'>ut</span> 
     </span>
     <span class='ocr_line' id='line_1_28' title="bbox 168 3927 1227 4011; baseline 0 -19"><span class='ocrx_word' id='word_1_195' title='bbox 168 3952 236 3992; x_wconf 89' lang='lat' dir='ltr'>mos</span> <span class='ocrx_word' id='word_1_196' title='bbox 261 3933 309 3992; x_wconf 90' lang='lat' dir='ltr'>est</span> <span class='ocrx_word' id='word_1_197' title='bbox 332 3927 501 4006; x_wconf 85' lang='lat' dir='ltr'>Iuvenatis,</span> <span class='ocrx_word' id='word_1_198' title='bbox 526 3929 716 3991; x_wconf 87' lang='lat' dir='ltr'>sententiam</span> <span class='ocrx_word' id='word_1_199' title='bbox 741 3929 860 4011; x_wconf 84' lang='lat' dir='ltr'>aliquid</span> <span class='ocrx_word' id='word_1_200' title='bbox 885 3929 1038 4005; x_wconf 87' lang='lat' dir='ltr'>addend0,</span> <span class='ocrx_word' id='word_1_201' title='bbox 1056 3930 1138 4010; x_wconf 90' lang='lat' dir='ltr'>qnod</span> <span class='ocrx_word' id='word_1_202' title='bbox 1154 3950 1227 3993; x_wconf 84' lang='lat' dir='ltr'>ver·</span> 
     </span>
    </p>
   </div>
   <div class='ocr_carea' id='block_1_11' title="bbox 169 4054 1119 4230">
    <p class='ocr_par' dir='ltr' id='par_1_12' title="bbox 169 4054 1119 4230">
     <span class='ocr_line' id='line_1_29' title="bbox 169 4054 786 4138; baseline -0.005 -19"><span class='ocrx_word' id='word_1_203' title='bbox 169 4055 217 4119; x_wconf 89' lang='lat' dir='ltr'>bis</span> <span class='ocrx_word' id='word_1_204' title='bbox 241 4055 495 4138; x_wconf 84' lang='lat' dir='ltr'>praecedentibns</span> <span class='ocrx_word' id='word_1_205' title='bbox 519 4054 711 4117; x_wconf 87' lang='lat' dir='ltr'>contrarium</span> <span class='ocrx_word' id='word_1_206' title='bbox 735 4054 786 4116; x_wconf 91' lang='lat' dir='ltr'>sit.</span> 
     </span>
     <span class='ocr_line' id='line_1_30' title="bbox 1103 4178 1119 4230; baseline 0 0"><span class='ocrx_word' id='word_1_207' title='bbox 1103 4178 1119 4230; x_wconf 90' lang='lat'>8</span> 
     </span>
    </p>
   </div>
   <div class='ocr_carea' id='block_1_12' title="bbox 0 0 1540 4808">
    <p class='ocr_par' dir='ltr' id='par_1_13' title="bbox 0 0 1540 4808">
     <span class='ocr_line' id='line_1_31' title="bbox 0 0 1540 4808; baseline 0 0"><span class='ocrx_word' id='word_1_208' title='bbox 0 0 1540 4808; x_wconf 95' lang='lat' dir='ltr'> </span> 
     </span>
    </p>
   </div>
  </div>
 </body>
</html>
