2828 4612
621 271 661 345 ’-
688 302 728 364 37
757 337 795 345 -

305 487 419 545 defossa
442 485 473 542 in
496 484 601 543 loculis
624 504 698 559 quos
721 484 856 559 sportula
880 483 951 540 fecit
975 483 1083 540 amicos
1157 554 1159 559 Ι

174 666 289 750 Neque
314 666 398 729 enlm
422 667 579 729 defossam
603 666 658 729 sed
682 666 901 748 depromptam
926 664 1101 747 sportulam
1118 663 1238 727 amicos

174 792 301 859 fecisse.
348 790 437 865 Quod
469 812 570 874 genus
595 791 759 874 pugnandi
783 789 853 854 leve
878 789 958 881 mihi
982 792 1014 852 et
1037 789 1149 852 inutile
1174 810 1241 852 esse

179 917 312 980 videtur.
359 914 518 998 Sportula,
542 937 604 978 non
628 916 735 999 gratia
760 917 814 978 aut
837 917 947 978 mutua
972 914 1069 976 animi
1093 913 1239 991 adfectio

177 1041 294 1104 amicos
328 1040 420 1117 fecit;
456 1040 515 1103 hoc
552 1042 647 1121 caput
679 1042 735 1102 est.
782 1037 858 1113 Quae
883 1039 1024 1120 sportula
1048 1038 1174 1101 defossa
1201 1038 1244 1100 sit

179 1167 212 1229 in
236 1165 345 1229 loculis
370 1187 410 1227 an
435 1187 473 1228 ex
497 1134 536 1226 iis
560 1165 757 1247 depromptu,
780 1164 872 1246 parvi
895 1163 1004 1227 refert.
1039 1160 1130 1227 Idem
1152 1162 1240 1226 valet

179 1291 217 1353 de
258 1313 285 1354 v.
325 1290 377 1365 53,
413 1274 472 1352 'ubi
511 1287 608 1351 illud:
647 1288 848 1370 mediumque
884 1288 1064 1350 ostenderet
1098 1307 1240 1370 unguem

178 1414 325 1496 displicet
347 1411 537 1489 Ribbeckio,
562 1411 616 1493 qui
640 1412 776 1496 digitum
801 1411 929 1474 mavult.
969 1409 1065 1485 Quasi
1081 1411 1241 1474 sententia

177 1560 297 1616 versus,
322 1540 356 1599 ut
379 1558 462 1599 nunc
486 1535 614 1621 legitur,
639 1537 772 1600 obscura
796 1537 847 1599 sit.

286 1659 469 1725 Iuvenalem
505 1682 576 1724 cum
612 1683 679 1725 rem
713 1660 910 1744 propositam
933 1661 1009 1723 satis
1033 1661 1240 1743 perpendisse

180 1786 242 1850 sibi
269 1787 424 1861 videatur,
449 1808 511 1850 non
535 1808 629 1870 porro
652 1786 787 1870 progedi
810 1786 911 1850 solere
935 1786 1119 1869 priusquam
1143 1808 1241 1849 unum

182 1910 358 1975 alterumve
393 1933 518 1974 versum
554 1911 721 1989 addiderit,
752 1911 867 1993 quibus
891 1933 1022 1994 eaquae
1047 1911 1128 1973 dixit
1151 1911 1243 1993 quasi

182 2035 216 2098 in
251 2058 348 2099 unum
383 2036 523 2120 colhgat
547 2039 657 2100 notum
681 2039 729 2099 est
753 2039 785 2099 et
809 2059 827 2099 a
850 2057 900 2098 me
925 2035 986 2098 alio
1008 2036 1078 2098 loco
1100 2036 1165 2098 iam
1189 2036 1244 2098 de·

181 2163 390 2222 monstratum
405 2159 439 2240 ¹).
486 2159 563 2222 Eius
587 2161 673 2223 modi
696 2160 861 2222 sententiae
886 2182 943 2241 per
959 2159 1148 2241 particulam
1165 2181 1244 2244 ergo

185 2306 269 2366 saepe
293 2284 495 2346 inducuntur.
543 2283 607 2346 cfr.
631 2280 723 2348 VIII.
747 2285 895 2347 37-38:

819 2485 889 2542 ergo
914 2466 1030 2524 cavebis

314 2575 345 2631 et
368 2575 490 2642 metues,
515 2568 551 2629 ne
575 2575 610 2629 tu
633 2571 674 2629 sic
698 2570 830 2630 Creticus
855 2576 908 2631 aut
932 2572 1103 2631 Camerinus

184 2752 284 2817 Aliud
308 2752 488 2835 exemplum
512 2756 559 2815 est
582 2748 674 2816 VIII.
701 2752 848 2825 68÷692

290 2964 372 3019 ergo,
397 2948 432 3002 ut
454 2945 595 3002 miremur
618 2948 656 3013 te,
682 2963 741 3002 non
764 2948 827 3014 tua,
851 2945 971 3020 pravum
994 2946 1106 3021 aliquid
1131 2948 1177 3015 da,

294 3053 373 3126 quod
396 3052 504 3126 possim
527 3051 623 3109 titulis
647 3050 775 3110 incidere

189 3232 255 3296 Cfr.
279 3229 337 3296 VI.
362 3232 546 3308 raa-433,
571 3227 628 3294 IX.
654 3232 727 3308 101,
751 3229 825 3297 XII.
851 3234 1022 3296 lac—127
1048 3238 1107 3297 cet.

249 3425 253 3433 ,
294 3354 327 3418 si
365 3354 467 3438 igitur
504 3358 600 3437 poeta
639 3355 758 3418 duobus
798 3357 951 3431 versibus
986 3358 1083 3421 simili
1117 3359 1247 3422 oonsilio

188 3479 325 3562 scriptis
350 3478 548 3561 prooemium
571 3479 677 3542 satirae
702 3479 831 3542 decimae
856 3480 936 3558 finit,
953 3481 986 3543 id
1003 3482 1082 3545 bene
1100 3483 1247 3567 congruit

189 3627 260 3669 cum
294 3626 332 3667 ea
361 3604 494 3677 ratione,
519 3622 581 3685 qua
605 3624 689 3686 saepe
712 3603 746 3666 in
770 3609 957 3688 argumento
982 3606 1177 3688 disponendo
1200 3609 1247 3671 uti

189 3754 261 3795 eum
284 3731 436 3794 videmus,
482 3727 531 3792 Re
554 3750 631 3792 vera
654 3727 687 3790 hi
709 3750 819 3792 versus
841 3733 912 3812 post
927 3753 957 3795 v.
976 3732 1017 3794 53
1033 3731 1246 3811 inveniuntur,

188 3891 400 3899 ——--—--—-

300 3975 319 4044 ¹)
340 3978 458 4032 (innume
478 3977 496 4030 l.
516 3977 534 4030 l.
553 3994 580 4044 p.
600 3975 659 4030 103.
