2828 4612
603 298 754 360 -5..

147 478 241 552 tasse,
265 477 301 538 ut
323 473 415 537 multi
438 474 624 539 utrumlibet
646 475 784 540 liberum
808 497 876 538 esse
901 476 1104 540 arbitrentur.
1143 475 1207 541 Mi-

147 600 232 661 nime
267 598 402 662 liberum
437 602 496 663 est.
551 597 713 663 Gemmate
748 603 820 683 post
853 598 1069 683 Ganymedem
1103 601 1207 683 posito

148 745 249 806 genus
272 722 420 805 loquendi
444 724 555 800 oritur,
579 723 668 787 cuius
685 725 768 807 apud
784 721 967 788 Iuvenalem
984 724 1105 788 nullum
1122 725 1207 789 aliud
1246 735 1250 741 '

148 848 324 931 exemplum
342 848 510 911 invenitur.
543 847 687 932 Quinque
705 849 854 932 deinceps
871 849 1069 913 substantiva
1085 850 1206 927 (fanum

146 969 249 1050 Isidis,
274 971 500 1056 Ganymedem,
524 972 616 1037 Pacis
641 974 795 1056 (palatia),
819 973 933 1037 Matris
957 974 1087 1056 palatia,
1111 974 1206 1038 Gere-

146 1096 226 1177 rem)
250 1101 485 1175 enumerantur,
509 1119 643 1180 quorum
667 1101 818 1182 quattuor
840 1099 925 1161 inter
947 1121 1015 1162 sese
1039 1098 1206 1182 particula,

146 1244 216 1304 quae
252 1226 300 1285 est
334 1226 375 1298 et,
409 1223 653 1306 coniunguntur,
688 1223 819 1286 tertium
853 1222 957 1296 (Pacis
988 1224 1120 1306 palatia)
1144 1246 1208 1287 non

145 1347 240 1422 item;
273 1348 356 1429 quod
381 1348 463 1429 apud
488 1345 670 1411 Iuvenalem
693 1348 872 1411 inauditum
896 1370 963 1412 esse
987 1348 1126 1412 Kiaerius
1151 1349 1207 1411 ad-

145 1471 261 1534 firmat.
308 1470 409 1546 Quam
433 1473 473 1536 ob
497 1494 565 1535 rem
589 1476 742 1536 commate
768 1473 871 1536 deleto
895 1472 1108 1556 Ganymedem
1134 1495 1207 1536 cum

146 1594 237 1658 Pacis
272 1596 387 1679 iungit,
416 1597 512 1661 etiam
536 1578 613 1660 alias
638 1619 748 1660 causas
773 1598 839 1661 eius
864 1598 1092 1660 emendationis
1117 1599 1206 1661 adfe-

146 1741 228 1797 rens
253 1741 330 1802 quas
354 1720 406 1783 hic
431 1721 590 1803 explicare
614 1722 746 1806 longum
770 1726 828 1786 est.

252 1842 464 1929 interrogatio
476 1846 540 1924 illa,
554 1868 624 1928 quae
638 1848 728 1929 quasi
739 1849 774 1911 in
786 1846 969 1929 parenthesi
979 1846 1097 1930 legitur
1106 1870 1136 1910 v.
1149 1848 1206 1910 24:

341 2041 408 2078 nam
433 2040 493 2095 quo
515 2041 574 2080 non
597 2026 714 2097 prostat
736 2023 845 2080 femina
868 2023 998 2098 templo?

145 2184 284 2265 pertinet
308 2185 346 2246 ad
371 2207 423 2247 eas
439 2184 557 2247 formas
573 2184 792 2268 interrogandi
807 2186 858 2248 vel
873 2186 977 2268 potius
995 2184 1206 2262 exclamandi‚

66 2332 74 2346 ·
146 2328 216 2389 quaa
253 2308 337 2389 apud
371 2305 555 2370 Iuvenalem
580 2308 779 2371 creberrimae
804 2314 886 2372 sunt.
933 2309 1089 2391 Exempla
1113 2312 1208 2371 antea

146 2431 246 2492 multa
269 2430 447 2509 habuimus,
472 2435 507 2493 ut
530 2428 555 2493 I.
581 2431 639 2494 48:

358 2605 429 2680 quid
453 2604 530 2662 enim
553 2605 642 2663 salvis
664 2606 786 2663 infamia
809 2607 956 2664 nummis?

220 2746 260 2804 II.
286 2749 320 2805 8:
355 2748 420 2822 quis
445 2748 521 2805 enim
545 2766 604 2805 non
627 2748 709 2806 vicus
734 2749 867 2806 abundat

356 2855 492 2913 tristibus
516 2855 668 2913 obscenis?

160 2994 216 3053 ΙΙΙ.
242 2996 321 3053 234:
356 3015 424 3052 nam
448 3015 515 3070 quae
539 2996 690 3055 meritoria
714 3015 850 3055 somnum

357 3102 539 3160 admittunt?

159 3242 212 3300 VI.
240 3242 317 3301 196:
352 3244 432 3317 quod
456 3244 533 3301 enim
557 3264 615 3303 non
639 3246 746 3303 excitet
769 3247 879 3322 inguen

356 3369 413 3408 vox
436 3350 544 3408 blanda
568 3354 598 3409 et
620 3356 769 3427 nequam?

175 3510 214 3568 ib.
242 3510 321 3568 568:
356 3509 428 3584 quid
451 3509 528 3566 enim
551 3511 646 3568 maius
670 3513 740 3570 dara
764 3513 884 3570 numina
908 3518 1053 3589 possunt?

251 3672 333 3748 Quin
368 3673 465 3737 etiam
499 3673 533 3735 in
562 3694 599 3735 ea
622 3673 692 3756 ipsa
716 3664 823 3754 satira,
849 3677 886 3740 de
910 3699 973 3759 qua
996 3700 1079 3742 nunc
1103 3701 1208 3743 sermo

145 3801 202 3875 est,
226 3798 362 3882 legimus
385 3821 415 3861 v.
441 3798 499 3862 58:

356 3982 425 4020 nam
448 3962 514 4037 quis
537 3963 625 4038 plura
648 3963 716 4022 linit
739 3965 855 4025 victuro
879 3967 957 4024 dolia
980 3972 1099 4027 musto?
