2828 4612
625 298 797 361 ..45-

173 476 260 540 hunc
291 475 396 538 Iocum
420 474 590 558 explicant.
637 472 826 539 Thomasius
846 476 867 552 ¹)
892 475 993 539 credit
1016 476 1135 549 victum
1158 474 1238 539 Aia-

176 623 248 664 cem
269 622 335 682 ,non
357 623 414 684 pro
437 599 566 665 Tiberio
588 600 727 684 positum
750 623 828 680 esse,
845 601 898 664 sed
917 602 1056 684 aliquem
1072 623 1111 665 ex
1128 600 1237 664 amicis

177 724 286 788 Seiani
324 724 449 808 respici,
486 722 550 808 qui,
590 746 661 788 cum
696 725 851 788 scelerum
887 725 953 788 eius
987 725 1090 789 socius
1125 725 1238 789 fuisset

176 851 303 932 iamque
327 871 361 912 se
384 850 425 913 ab
449 848 559 912 amicis
579 849 686 935 deseri
706 848 839 920 videret,
856 872 919 912 non
935 850 1182 914 contemnendus
1198 849 1237 912 iis

175 973 322 1037 inimicus
345 973 416 1037 fieri
439 977 555 1056 posset.
602 970 715 1056 Itaque
739 948 849 1053 credit,
874 978 1035 1038 senatores
1058 974 1129 1037 illos
1151 995 1237 1037 mor-

176 1101 266 1162 tuum
302 1096 451 1162 Seianum
475 1119 618 1175 vexasse,
643 1102 678 1161 nt
701 1102 734 1161 et
757 1098 903 1163 Tiberius
925 1099 1105 1163 voluntates
1128 1120 1236 1162 eorum

176 1226 380 1306 cognosceret
414 1226 447 1285 et
469 1223 543 1304 ipsi,
567 1223 594 1285 si
617 1223 746 1286 nomina
770 1245 878 1286 eorum
902 1224 942 1287 ab
965 1223 1046 1287 irato
1070 1223 1172 1286 amico
1198 1223 1238 1286 ad

174 1346 339 1410 Tiberium
363 1347 469 1410 delata
492 1350 607 1424 essent,
625 1346 780 1411 haberent
796 1370 857 1430 quo
873 1370 906 1412 se
924 1347 1140 1412 defenderent.
1174 1345 1238 1411 Sed

176 1472 278 1534 multo
302 1470 479 1554 simplicior
502 1472 602 1534 altera
624 1471 681 1534 illa
705 1472 875 1554 explicatio
898 1475 956 1536 est.

284 1595 363 1660 Cum
398 1594 552 1661 Strubeus
586 1593 797 1678 Weisensque
833 1595 951 1675 dicunt,
986 1560 1178 1660 Iuvenalem⁴
1204 1595 1236 1659 in

173 1720 281 1783 satiris
304 1720 369 1783 suis
392 1741 476 1803 saepe
496 1742 666 1784 memorem
682 1721 779 1783 fuisse
796 1720 923 1784 illorum
940 1721 1139 1803 scriptorum,
1157 1742 1235 1803 quos

175 1845 262 1926 apud
285 1842 429 1908 rhetores
451 1845 593 1929 legisset,
611 1844 827 1928 exemplisque
845 1845 904 1908 hoc
920 1845 1117 1923 confirmant,
1134 1845 1237 1909 omni-

174 1970 233 2032 bus
260 1969 298 2032 iis
321 1969 397 2033 locis
421 1969 537 2049 allatis,
560 1970 616 2053 qui
639 1992 711 2033 cum
738 1971 853 2033 ceteris
882 1970 1089 2052 scriptoribus
1118 1970 1237 2053 aliquid

174 2117 344 2178 commune
380 2092 497 2160 habere
532 2095 688 2171 videntur,
724 2116 821 2157 unum
847 2095 1008 2173 omIttunt,
1032 2095 1116 2176 quod
1139 2117 1170 2158 v.
1195 2095 1236 2158 96

175 2219 354 2282 invenitur:

493 2367 523 2422 61
546 2364 598 2438 qui
620 2365 726 2422 nolunt
749 2365 880 2423 occidere
904 2383 1084 2440 quemquam

327 2482 411 2546 posse
435 2471 541 2528 volunt

281 2650 346 2714 vix
370 2655 417 2715 est
440 2651 581 2730 dubium,
605 2651 682 2734 quin
705 2650 874 2730 Iuvenalis,
899 2673 971 2716 cum
994 2652 1055 2715 boc
1071 2653 1235 2732 scriberet,

173 2777 212 2839 de
236 2776 342 2840 verbis
366 2775 527 2840 Ciceronis
551 2771 754 2861 cogitbverit:
789 2777 823 2840 in
847 2798 909 2860 que
933 2777 1114 2858 (servitute)
1139 2777 1234 2840 etiam

173 2901 201 2962 si
225 2922 286 2964 non
310 2901 351 2963 sit
373 2901 524 2964 molestus
548 2901 702 2979 dominus,
719 2904 825 2964 tamen
842 2906 891 2964 est
905 2902 1118 2965 miserrimum
1133 2923 1234 2984 posse,

176 3024 205 3086 si
237 3024 316 3087 velit
331 3024 367 3100 ²).
421 3024 487 3090 cfr.
522 3047 572 3088 vv.
610 3026 795 3089 125-126.
842 3024 1009 3090 Orationes
1047 3025 1234 3108 Philippicae
1323 3073 1325 3076 ι

176 3149 323 3212 manibus
348 3149 574 3251 discipulorum
588 3148 752 3216 rhetorum
766 3151 851 3214 tritae
869 3154 968 3214 erant.
1004 3148 1080 3224 Quae
1097 3171 1234 3232 sequun-

173 3276 228 3336 tur
250 3296 300 3336 vv.
326 3274 470 3338 97—98:

448 3447 498 3506 sed
522 3467 589 3522 quae
612 3451 756 3524 praeclara
779 3452 809 3506 61
832 3468 973 3524 prospera
997 3449 1074 3506 tanti

333 3558 368 3612 ut
391 3556 478 3613 rebus
501 3555 577 3614 laetis
601 3575 656 3631 par
679 3555 718 3613 sit
740 3574 878 3613 mensura
902 3557 1047 3613 malornm

173 3711 386 3718 ———-.-—-.

283 3796 302 3864 ¹)
323 3797 352 3850 P.
372 3797 494 3850 Γ1116111161
513 3798 587 3851 Νο16
607 3815 653 3850 sur
671 3796 789 3850 Juvenal
808 3797 840 3850 X.
855 3797 967 3860 84—85,
981 3797 1075 3850 Revue
1088 3797 1121 3851 de
1134 3797 1232 3866 philol.

175 3886 251 3939 VIII.
272 3885 373 3952 (1884).
628 3873 631 3879 ⁴

284 3973 303 4041 ⁹)
324 3975 400 4029 Orat.
421 3974 522 4044 Philip.
541 3975 615 4028 VIII.
636 3975 677 4027 12.
