3062 4808
625 369 798 432 —87-
891 363 893 371 ’

177 547 289 610 tione?
312 545 358 611 Ut
381 547 492 611 melior
515 548 557 610 sit
580 547 760 610 sententia?
789 544 863 610 Non
887 547 947 610 erit
970 547 1081 611 melior
1097 547 1153 610 sed
1169 547 1236 610 fere
1347 587 1349 594 ·

174 673 301 736 eadem.
349 671 401 736 An
436 677 471 735 ut
505 672 614 736 laudes
649 672 712 735 illa
748 695 767 734 a
801 670 951 735 Iuvenale
984 673 1084 754 poetis
1107 671 1236 736 tributae
1262 648 1265 654 .

173 799 409 860 obscurentur?
444 796 517 861 Non
541 797 683 861 laudavit
706 795 864 861 Iuvenalis
885 801 1011 880 poetas;
1037 797 1097 861 boc
1113 800 1236 860 tanturn

174 922 266 999 dicit,
302 922 403 985 multa
437 923 478 985 ab
512 922 551 984 iis
581 922 723 1004 pericula
747 923 995 999 commemorari,
1020 943 1091 986 cum
1114 926 1237 1005 tempe-

173 1047 271 1110 statis
317 1068 387 1136 cum
434 1046 561 1132 fragore
608 1046 838 1130 tonitribusque
885 1049 998 1110 coortae
1044 1047 1237 1110 mentionem
1284 1023 1286 1032 Α

175 1171 309 1236 faciant.

284 1294 344 1371 Qui
368 1299 551 1379 sequuntur
565 1319 615 1360 vv.
635 1298 791 1360 fae-26:

280 1545 283 1552 Ι
496 1491 589 1549 genus
614 1491 679 1531 ecce
703 1473 784 1530 aliud
809 1472 982 1530 discriminis
1007 1473 1076 1530 audi

283 1581 314 1636 et
336 1579 473 1637 miserere
497 1579 615 1647 iterum,
640 1597 822 1654 quamquam
845 1579 905 1636 sint
928 1583 1025 1637 cetera
1049 1579 1136 1638 sortis

216 1681 218 1687 ⁸
284 1685 414 1743 eiusdem
437 1705 505 1761 pars
530 1686 593 1744 dira
618 1686 744 1761 quidem,
769 1686 820 1744 sed
844 1686 961 1762 cognita
985 1686 1085 1744 multis

174 1871 222 1946 ut,
258 1868 342 1950 quod
377 1869 415 1930 ad
451 1869 585 1932 formam
622 1867 746 1946 attinet,
781 1867 910 1944 habent,
945 1868 1028 1952 quod
1063 1868 1237 1931 orationem
1276 1899 1284 1914 ·

176 1989 416 2055 Iuvenalianam
452 1992 592 2075 resipiat,
617 1993 662 2056 sic
686 1993 876 2056 sententiam
899 1993 1113 2057 obscuriorem
1137 1992 1237 2056 conti-

174 2120 264 2208 nent.
311 2113 530 2199 Imperativos‚
566 2095 675 2199 quales
699 2118 854 2200 imprimis
879 2121 952 2180 sunt
975 2113 1094 2203 accipe,
1120 2118 1236 2200 aspice,

175 2242 299 2325 respice
335 2245 405 2316 cet,
441 2243 474 2304 in
509 2242 748 2306 transitionibus
773 2244 813 2305 ab
837 2265 900 2306 una
923 2244 1013 2324 parte
1039 2244 1078 2306 ad
1102 2243 1237 2306 alteram

172 2367 262 2450 apud
308 2363 490 2430 Iuvenalem
537 2367 758 2430 usitatissimos
809 2389 886 2443 esse,
936 2366 1095 2429 neminem
1141 2366 1234 2449 fugit.

173 2491 334 2574 Exempla
369 2514 387 2554 a
421 2490 550 2554 Weiseo
581 2490 713 2554 collecta
737 2495 810 2553 sunt
828 2490 878 2572 ι).’
909 2490 974 2555 Ofr.
998 2491 1032 2554 in
1054 2489 1114 2553 bac
1138 2491 1236 2554 satira

174 2639 226 2681 vv.
263 2616 315 2694 57,
353 2617 404 2680 83.
451 2614 539 2694 Quod
575 2620 623 2678 est
657 2616 735 2679 illud
770 2638 870 2700 genus
904 2615 989 2680 aliud
1025 2615 1235 2679 discriminis?

174 2739 368 2820 Periculum,
405 2763 444 2804 ne
480 2742 569 2805 navis
603 2745 777 2825 mergatur,
816 2742 985 2824 respondet
1021 2740 1234 2804 Heinrichius

173 2866 276 2930 Recte
301 2867 439 2948 quidem,
463 2866 523 2930 hoc
547 2889 643 2930 unum
667 2867 775 2943 miror,
800 2868 882 2949 quod
906 2865 1110 2930 Haenickeus
1126 2866 1160 2930 in
1175 2866 1235 2929 hac

172 3014 252 3056 vera
284 2992 545 3074 interpretatione
570 3014 641 3054 cum
667 2991 853 3055 Heinricbio
877 2975 942 3054 tam
967 2992 1080 3054 acerbe
1105 2991 1236 3054 cavilla·
1324 3053 1326 3058 .

175 3116 281 3199 tur2).
328 3117 376 3180 De
412 3117 477 3181 ictu
511 3116 653 3180 fulminis
688 3140 752 3180 non
787 3121 835 3180 est
869 3117 1088 3201 cogitandum
1124 3116 1179 3199 qui
1203 3116 1235 3179 id

173 3246 291 3326 putant
313 3243 378 3306 iam
401 3243 514 3306 multos
540 3243 654 3306 abhinc
679 3265 777 3306 annos
801 3266 820 3305 a
843 3223 984 3306 Webero
1000 3241 1136 3305 convicti
1152 3245 1235 3305 sunt.

173 3366 330 3458 Verbum,
369 3369 451 3449 quod
490 3371 538 3431 est
576 3371 682 3431 cetera
720 3366 763 3449 (v.
803 3369 869 3444 25),
909 3367 1039 3450 respicit
1078 3388 1125 3444 ea,
1164 3387 1234 3448 quae

175 3495 352 3575 sequuntur
385 3492 419 3574 (i.
455 3515 483 3556 e.
517 3491 704 3575 periculum,
739 3514 779 3555 ne
814 3493 905 3555 undae
938 3513 1050 3556 navem
1075 3492 1234 3572 obruant),

174 3639 238 3680 non
262 3638 310 3696 ea,
334 3639 404 3700 quae
428 3617 492 3680 iam
517 3621 713 3700 pertractata
729 3622 803 3680 sunt
819 3617 964 3693 (fulmina
982 3619 1013 3679 et
1029 3615 1233 3697 incendium).

175 3739 372 3824 Quamquam
390 3764 451 3805 non
467 3742 589 3826 ignoro,
607 3719 684 3806 alios
701 3741 793 3806 aliter
810 3741 910 3805 locum
928 3740 1099 3824 explicare.
1135 3739 1236 3804 Hein-

287 3970 306 4038 ¹)
327 3972 420 4026 Wmsu
438 3972 457 4025 l.
477 3972 495 4026 l.
514 3990 541 4041 p.
563 3973 602 4026 12.
648 3943 651 3950 ⁴

286 4059 306 4128 ⁹)
326 4062 448 4116 Hiurosn
466 4061 485 4115 l.
505 4061 523 4115 l.
542 4080 569 4130 p.
592 4063 632 4115 15.
