<?xml version="1.0" encoding="UTF-8"?>
<!DOCTYPE html PUBLIC "-//W3C//DTD XHTML 1.0 Transitional//EN"
    "http://www.w3.org/TR/xhtml1/DTD/xhtml1-transitional.dtd">
<html xmlns="http://www.w3.org/1999/xhtml" xml:lang="en" lang="en">
 <head>
  <title>
</title>
<meta http-equiv="Content-Type" content="text/html;charset=utf-8" />
  <meta name='ocr-system' content='tesseract 3.04.00' />
  <meta name='ocr-capabilities' content='ocr_page ocr_carea ocr_par ocr_line ocrx_word'/>
</head>
<body>
  <div class='ocr_page' id='page_1' title='image "./deargumentidisp00gyllgoog_0113.png"; bbox 0 0 2828 4612; ppageno 0'>
   <div class='ocr_carea' id='block_1_1' title="bbox 606 282 800 345">
    <p class='ocr_par' dir='ltr' id='par_1_1' title="bbox 606 282 800 345">
     <span class='ocr_line' id='line_1_1' title="bbox 606 282 800 345; baseline 0.01 -2"><span class='ocrx_word' id='word_1_1' title='bbox 606 282 800 345; x_wconf 81' lang='lat'>-106-</span> 
     </span>
    </p>
   </div>
   <div class='ocr_carea' id='block_1_2' title="bbox 90 454 1282 791">
    <p class='ocr_par' dir='ltr' id='par_1_2' title="bbox 90 454 1282 791">
     <span class='ocr_line' id='line_1_2' title="bbox 90 454 1282 542; baseline -0.001 -20"><span class='ocrx_word' id='word_1_2' title='bbox 90 523 94 530; x_wconf 76' lang='grc'>,</span> <span class='ocrx_word' id='word_1_3' title='bbox 173 459 328 522; x_wconf 87' lang='lat' dir='ltr'>committi</span> <span class='ocrx_word' id='word_1_4' title='bbox 365 459 521 536; x_wconf 85' lang='lat' dir='ltr'>adfirmat,</span> <span class='ocrx_word' id='word_1_5' title='bbox 557 480 619 521; x_wconf 94' lang='lat' dir='ltr'>non</span> <span class='ocrx_word' id='word_1_6' title='bbox 653 459 768 521; x_wconf 82' lang='lat' dir='ltr'>mirum</span> <span class='ocrx_word' id='word_1_7' title='bbox 802 459 902 542; x_wconf 77' lang='lat' dir='ltr'>igitur</span> <span class='ocrx_word' id='word_1_8' title='bbox 929 481 1007 538; x_wconf 83' lang='lat' dir='ltr'>esse,</span> <span class='ocrx_word' id='word_1_9' title='bbox 1033 459 1060 522; x_wconf 85' lang='lat' dir='ltr'>si</span> <span class='ocrx_word' id='word_1_10' title='bbox 1084 454 1282 523; x_wconf 49' lang='lat' dir='ltr'>Calvinfl</span> 
     </span>
     <span class='ocr_line' id='line_1_3' title="bbox 172 582 1282 667; baseline 0.001 -21"><span class='ocrx_word' id='word_1_11' title='bbox 172 606 297 666; x_wconf 87' lang='lat' dir='ltr'>quoque</span> <span class='ocrx_word' id='word_1_12' title='bbox 322 583 443 646; x_wconf 89' lang='lat' dir='ltr'>damnis</span> <span class='ocrx_word' id='word_1_13' title='bbox 468 584 645 647; x_wconf 86' lang='lat' dir='ltr'>adficiatur.</span> <span class='ocrx_word' id='word_1_14' title='bbox 685 584 919 667; x_wconf 78' lang='lat' dir='ltr'>Argumentum</span> <span class='ocrx_word' id='word_1_15' title='bbox 936 583 1030 646; x_wconf 88' lang='lat' dir='ltr'>huius</span> <span class='ocrx_word' id='word_1_16' title='bbox 1047 582 1108 647; x_wconf 87' lang='lat' dir='ltr'>loci</span> <span class='ocrx_word' id='word_1_17' title='bbox 1123 605 1199 667; x_wconf 82' lang='lat' dir='ltr'>pauo</span> <span class='ocrx_word' id='word_1_18' title='bbox 1278 590 1282 597; x_wconf 83' lang='lat'>&#39;</span> 
     </span>
     <span class='ocr_line' id='line_1_4' title="bbox 171 708 1282 791; baseline 0.002 -21"><span class='ocrx_word' id='word_1_19' title='bbox 171 708 277 771; x_wconf 84' lang='lat' dir='ltr'>verbis</span> <span class='ocrx_word' id='word_1_20' title='bbox 301 709 346 770; x_wconf 91' lang='lat' dir='ltr'>ita</span> <span class='ocrx_word' id='word_1_21' title='bbox 371 708 495 770; x_wconf 90' lang='lat' dir='ltr'>definiri</span> <span class='ocrx_word' id='word_1_22' title='bbox 519 712 640 791; x_wconf 89' lang='lat' dir='ltr'>potest:</span> <span class='ocrx_word' id='word_1_23' title='bbox 666 709 823 771; x_wconf 88' lang='lat' dir='ltr'>neminem</span> <span class='ocrx_word' id='word_1_24' title='bbox 847 732 885 771; x_wconf 91' lang='lat' dir='ltr'>ea</span> <span class='ocrx_word' id='word_1_25' title='bbox 908 709 1026 783; x_wconf 87' lang='lat' dir='ltr'>mirari,</span> <span class='ocrx_word' id='word_1_26' title='bbox 1051 730 1122 791; x_wconf 83' lang='lat' dir='ltr'>quae</span> <span class='ocrx_word' id='word_1_27' title='bbox 1146 715 1282 772; x_wconf 63' lang='lat' dir='ltr'>con-C</span> 
     </span>
    </p>
   </div>
   <div class='ocr_carea' id='block_1_3' title="bbox 173 832 1204 1074">
    <p class='ocr_par' dir='ltr' id='par_1_3' title="bbox 173 832 1204 1074">
     <span class='ocr_line' id='line_1_5' title="bbox 173 832 811 917; baseline 0.005 -23"><span class='ocrx_word' id='word_1_28' title='bbox 173 833 281 895; x_wconf 86' lang='lat' dir='ltr'>munia</span> <span class='ocrx_word' id='word_1_29' title='bbox 305 833 378 895; x_wconf 87' lang='lat' dir='ltr'>sint.</span> <span class='ocrx_word' id='word_1_30' title='bbox 426 832 537 917; x_wconf 78' lang='lat' dir='ltr'>Pergit</span> <span class='ocrx_word' id='word_1_31' title='bbox 559 839 653 916; x_wconf 84' lang='lat' dir='ltr'>poeta</span> <span class='ocrx_word' id='word_1_32' title='bbox 677 856 705 895; x_wconf 84' lang='lat' dir='ltr'>r.</span> <span class='ocrx_word' id='word_1_33' title='bbox 733 834 811 897; x_wconf 70' lang='lat' dir='ltr'>lor:</span> 
     </span>
     <span class='ocr_line' id='line_1_6' title="bbox 218 998 1204 1074; baseline 0.003 -20"><span class='ocrx_word' id='word_1_34' title='bbox 218 998 283 1071; x_wconf 90' lang='lat' dir='ltr'>quis</span> <span class='ocrx_word' id='word_1_35' title='bbox 308 998 454 1055; x_wconf 85' lang='lat' dir='ltr'>tumidum</span> <span class='ocrx_word' id='word_1_36' title='bbox 479 1002 586 1074; x_wconf 81' lang='lat' dir='ltr'>guttur</span> <span class='ocrx_word' id='word_1_37' title='bbox 609 999 735 1055; x_wconf 86' lang='lat' dir='ltr'>miratur</span> <span class='ocrx_word' id='word_1_38' title='bbox 759 998 787 1055; x_wconf 96' lang='lat' dir='ltr'>in</span> <span class='ocrx_word' id='word_1_39' title='bbox 812 998 959 1073; x_wconf 73' lang='lat' dir='ltr'>Alpibus?</span> <span class='ocrx_word' id='word_1_40' title='bbox 983 1001 1036 1055; x_wconf 87' lang='lat' dir='ltr'>ant</span> <span class='ocrx_word' id='word_1_41' title='bbox 1060 999 1126 1073; x_wconf 88' lang='lat' dir='ltr'>quis</span> <span class='ocrx_word' id='word_1_42' title='bbox 1150 1003 1204 1057; x_wconf 86' lang='lat' dir='ltr'>cet.</span> 
     </span>
    </p>
   </div>
   <div class='ocr_carea' id='block_1_4' title="bbox 172 1161 1282 1869">
    <p class='ocr_par' dir='ltr' id='par_1_4' title="bbox 172 1161 1282 1618">
     <span class='ocr_line' id='line_1_7' title="bbox 175 1161 1278 1246; baseline 0.003 -23"><span class='ocrx_word' id='word_1_43' title='bbox 175 1161 250 1224; x_wconf 79' lang='lat' dir='ltr'>Haec</span> <span class='ocrx_word' id='word_1_44' title='bbox 285 1162 431 1225; x_wconf 89' lang='lat' dir='ltr'>transitio</span> <span class='ocrx_word' id='word_1_45' title='bbox 467 1166 540 1244; x_wconf 87' lang='lat' dir='ltr'>post</span> <span class='ocrx_word' id='word_1_46' title='bbox 575 1184 621 1239; x_wconf 91' lang='lat' dir='ltr'>ea,</span> <span class='ocrx_word' id='word_1_47' title='bbox 657 1184 726 1244; x_wconf 80' lang='lat' dir='ltr'>quae</span> <span class='ocrx_word' id='word_1_48' title='bbox 752 1163 951 1238; x_wconf 81' lang='lat' dir='ltr'>antecedunt,</span> <span class='ocrx_word' id='word_1_49' title='bbox 976 1185 1038 1225; x_wconf 91' lang='lat' dir='ltr'>non</span> <span class='ocrx_word' id='word_1_50' title='bbox 1062 1164 1278 1246; x_wconf 49' lang='lat' dir='ltr'>improvisa&lt;</span> 
     </span>
     <span class='ocr_line' id='line_1_8' title="bbox 173 1282 1282 1369; baseline 0.002 -21"><span class='ocrx_word' id='word_1_51' title='bbox 173 1290 220 1348; x_wconf 87' lang='lat' dir='ltr'>est</span> <span class='ocrx_word' id='word_1_52' title='bbox 254 1308 313 1348; x_wconf 83' lang='lat' dir='ltr'>neo</span> <span class='ocrx_word' id='word_1_53' title='bbox 337 1286 450 1349; x_wconf 79' lang='lat' dir='ltr'>vitiosa</span> <span class='ocrx_word' id='word_1_54' title='bbox 474 1286 675 1368; x_wconf 86' lang='lat' dir='ltr'>appellanda.</span> <span class='ocrx_word' id='word_1_55' title='bbox 722 1285 805 1349; x_wconf 83' lang='lat' dir='ltr'>Satis</span> <span class='ocrx_word' id='word_1_56' title='bbox 830 1291 903 1369; x_wconf 86' lang='lat' dir='ltr'>apte</span> <span class='ocrx_word' id='word_1_57' title='bbox 928 1287 1012 1350; x_wconf 90' lang='lat' dir='ltr'>inter</span> <span class='ocrx_word' id='word_1_58' title='bbox 1035 1309 1067 1350; x_wconf 91' lang='lat' dir='ltr'>se</span> <span class='ocrx_word' id='word_1_59' title='bbox 1094 1310 1143 1352; x_wconf 82' lang='lat' dir='ltr'>vr.</span> <span class='ocrx_word' id='word_1_60' title='bbox 1171 1282 1282 1351; x_wconf 70' lang='lat'>125</span> 
     </span>
     <span class='ocr_line' id='line_1_9' title="bbox 175 1410 1262 1487; baseline 0.003 -14"><span class='ocrx_word' id='word_1_61' title='bbox 175 1412 280 1473; x_wconf 83' lang='lat'>-161</span> <span class='ocrx_word' id='word_1_62' title='bbox 319 1413 351 1472; x_wconf 84' lang='lat' dir='ltr'>et</span> <span class='ocrx_word' id='word_1_63' title='bbox 385 1434 434 1474; x_wconf 82' lang='lat' dir='ltr'>vv.</span> <span class='ocrx_word' id='word_1_64' title='bbox 473 1412 646 1474; x_wconf 67' lang='lat' dir='ltr'>loa-173</span> <span class='ocrx_word' id='word_1_65' title='bbox 674 1410 844 1487; x_wconf 80' lang='lat' dir='ltr'>cohaerent,</span> <span class='ocrx_word' id='word_1_66' title='bbox 869 1418 940 1473; x_wconf 84' lang='lat' dir='ltr'>our&#39;n</span> <span class='ocrx_word' id='word_1_67' title='bbox 964 1412 1081 1475; x_wconf 82' lang='lat' dir='ltr'>similia</span> <span class='ocrx_word' id='word_1_68' title='bbox 1105 1412 1172 1476; x_wconf 86' lang='lat' dir='ltr'>fere</span> <span class='ocrx_word' id='word_1_69' title='bbox 1196 1433 1262 1476; x_wconf 71' lang='lat' dir='ltr'>erl</span> 
     </span>
     <span class='ocr_line' id='line_1_10' title="bbox 172 1535 912 1618; baseline 0.003 -22"><span class='ocrx_word' id='word_1_70' title='bbox 172 1535 246 1602; x_wconf 85' lang='lat' dir='ltr'>sint.</span> <span class='ocrx_word' id='word_1_71' title='bbox 272 1557 341 1617; x_wconf 89' lang='lat' dir='ltr'>quae</span> <span class='ocrx_word' id='word_1_72' title='bbox 367 1539 500 1618; x_wconf 85' lang='lat' dir='ltr'>utroque</span> <span class='ocrx_word' id='word_1_73' title='bbox 524 1535 594 1598; x_wconf 90' lang='lat' dir='ltr'>loco</span> <span class='ocrx_word' id='word_1_74' title='bbox 619 1539 912 1598; x_wconf 72' lang='lat' dir='ltr'>commemorantur.</span> 
     </span>
    </p>

    <p class='ocr_par' dir='ltr' id='par_1_5' title="bbox 172 1659 1233 1869">
     <span class='ocr_line' id='line_1_11' title="bbox 279 1659 1233 1743; baseline 0.002 -21"><span class='ocrx_word' id='word_1_75' title='bbox 279 1660 357 1722; x_wconf 84' lang='lat' dir='ltr'>Esse</span> <span class='ocrx_word' id='word_1_76' title='bbox 381 1660 413 1721; x_wconf 91' lang='lat' dir='ltr'>in</span> <span class='ocrx_word' id='word_1_77' title='bbox 438 1659 497 1722; x_wconf 86' lang='lat' dir='ltr'>hac</span> <span class='ocrx_word' id='word_1_78' title='bbox 522 1660 620 1722; x_wconf 86' lang='lat' dir='ltr'>satira</span> <span class='ocrx_word' id='word_1_79' title='bbox 643 1682 761 1737; x_wconf 80' lang='lat' dir='ltr'>rersuS,</span> <span class='ocrx_word' id='word_1_80' title='bbox 786 1683 849 1723; x_wconf 90' lang='lat' dir='ltr'>non</span> <span class='ocrx_word' id='word_1_81' title='bbox 874 1661 987 1724; x_wconf 85' lang='lat' dir='ltr'>multos</span> <span class='ocrx_word' id='word_1_82' title='bbox 1007 1661 1077 1724; x_wconf 80' lang='lat' dir='ltr'>illos</span> <span class='ocrx_word' id='word_1_83' title='bbox 1094 1662 1233 1743; x_wconf 84' lang='lat' dir='ltr'>quidem,</span> 
     </span>
     <span class='ocr_line' id='line_1_12' title="bbox 172 1784 1233 1869; baseline 0.001 -22"><span class='ocrx_word' id='word_1_84' title='bbox 172 1786 228 1847; x_wconf 85' lang='lat' dir='ltr'>sed</span> <span class='ocrx_word' id='word_1_85' title='bbox 262 1788 368 1847; x_wconf 85' lang='lat' dir='ltr'>tamen</span> <span class='ocrx_word' id='word_1_86' title='bbox 404 1784 579 1861; x_wconf 86' lang='lat' dir='ltr'>nonnullos,</span> <span class='ocrx_word' id='word_1_87' title='bbox 616 1786 669 1866; x_wconf 86' lang='lat' dir='ltr'>qui</span> <span class='ocrx_word' id='word_1_88' title='bbox 697 1786 737 1848; x_wconf 87' lang='lat' dir='ltr'>ab</span> <span class='ocrx_word' id='word_1_89' title='bbox 762 1785 934 1861; x_wconf 76' lang='lat' dir='ltr'>editoribus</span> <span class='ocrx_word' id='word_1_90' title='bbox 959 1785 1054 1869; x_wconf 79' lang='lat' dir='ltr'>vulgo</span> <span class='ocrx_word' id='word_1_91' title='bbox 1077 1808 1136 1868; x_wconf 92' lang='lat' dir='ltr'>pro</span> <span class='ocrx_word' id='word_1_92' title='bbox 1160 1809 1233 1868; x_wconf 91' lang='lat' dir='ltr'>spu-</span> 
     </span>
    </p>
   </div>
   <div class='ocr_carea' id='block_1_5' title="bbox 173 1907 1230 2114">
    <p class='ocr_par' dir='ltr' id='par_1_6' title="bbox 173 1907 1230 2114">
     <span class='ocr_line' id='line_1_13' title="bbox 173 1907 1230 1993; baseline 0.002 -22"><span class='ocrx_word' id='word_1_93' title='bbox 173 1909 228 1971; x_wconf 85' lang='lat' dir='ltr'>riis</span> <span class='ocrx_word' id='word_1_94' title='bbox 267 1907 455 1986; x_wconf 77' lang='lat' dir='ltr'>habeantur,</span> <span class='ocrx_word' id='word_1_95' title='bbox 495 1911 628 1986; x_wconf 78' lang='lat' dir='ltr'>constat,</span> <span class='ocrx_word' id='word_1_96' title='bbox 667 1931 800 1991; x_wconf 83' lang='lat' dir='ltr'>quorum</span> <span class='ocrx_word' id='word_1_97' title='bbox 838 1932 986 1972; x_wconf 85' lang='lat' dir='ltr'>versuum</span> <span class='ocrx_word' id='word_1_98' title='bbox 1025 1909 1077 1972; x_wconf 86' lang='lat' dir='ltr'>hic</span> <span class='ocrx_word' id='word_1_99' title='bbox 1113 1912 1230 1993; x_wconf 87' lang='lat' dir='ltr'>primus</span> 
     </span>
     <span class='ocr_line' id='line_1_14' title="bbox 174 2034 420 2114; baseline 0.012 -19"><span class='ocrx_word' id='word_1_100' title='bbox 174 2034 310 2096; x_wconf 83' lang='lat' dir='ltr'>occurrit</span> <span class='ocrx_word' id='word_1_101' title='bbox 335 2034 420 2114; x_wconf 78' lang='grc'>(90);</span> 
     </span>
    </p>
   </div>
   <div class='ocr_carea' id='block_1_6' title="bbox 314 2208 1103 2284">
    <p class='ocr_par' dir='ltr' id='par_1_7' title="bbox 314 2208 1103 2284">
     <span class='ocr_line' id='line_1_15' title="bbox 314 2208 1103 2284; baseline 0.001 -19"><span class='ocrx_word' id='word_1_102' title='bbox 314 2212 358 2266; x_wconf 86' lang='lat' dir='ltr'>est</span> <span class='ocrx_word' id='word_1_103' title='bbox 382 2208 456 2266; x_wconf 87' lang='lat' dir='ltr'>alius</span> <span class='ocrx_word' id='word_1_104' title='bbox 481 2212 623 2277; x_wconf 84' lang='lat' dir='ltr'>metuens,</span> <span class='ocrx_word' id='word_1_105' title='bbox 649 2229 683 2265; x_wconf 88' lang='lat' dir='ltr'>ne</span> <span class='ocrx_word' id='word_1_106' title='bbox 708 2209 817 2266; x_wconf 77' lang='lat' dir='ltr'>crimen</span> <span class='ocrx_word' id='word_1_107' title='bbox 841 2228 936 2283; x_wconf 84' lang='lat' dir='ltr'>poena</span> <span class='ocrx_word' id='word_1_108' title='bbox 960 2213 1103 2284; x_wconf 88' lang='lat' dir='ltr'>sequatur</span> 
     </span>
    </p>
   </div>
   <div class='ocr_carea' id='block_1_7' title="bbox 172 2369 1239 2957">
    <p class='ocr_par' dir='ltr' id='par_1_8' title="bbox 172 2369 1239 2957">
     <span class='ocr_line' id='line_1_16' title="bbox 280 2369 1234 2450; baseline 0.003 -16"><span class='ocrx_word' id='word_1_109' title='bbox 280 2369 410 2434; x_wconf 77' lang='lat' dir='ltr'>Iahnius</span> <span class='ocrx_word' id='word_1_110' title='bbox 439 2376 470 2434; x_wconf 90' lang='lat' dir='ltr'>et</span> <span class='ocrx_word' id='word_1_111' title='bbox 494 2371 647 2435; x_wconf 88' lang='lat' dir='ltr'>Weidner</span> <span class='ocrx_word' id='word_1_112' title='bbox 670 2395 794 2436; x_wconf 87' lang='lat' dir='ltr'>versum</span> <span class='ocrx_word' id='word_1_113' title='bbox 819 2373 907 2436; x_wconf 79' lang='lat' dir='ltr'>uncis</span> <span class='ocrx_word' id='word_1_114' title='bbox 931 2372 1106 2450; x_wconf 85' lang='lat' dir='ltr'>includunt,</span> <span class='ocrx_word' id='word_1_115' title='bbox 1132 2372 1234 2437; x_wconf 89' lang='lat' dir='ltr'>Hein-</span> 
     </span>
     <span class='ocr_line' id='line_1_17' title="bbox 174 2496 1235 2561; baseline 0.003 -3"><span class='ocrx_word' id='word_1_116' title='bbox 174 2496 291 2559; x_wconf 86' lang='lat' dir='ltr'>richius</span> <span class='ocrx_word' id='word_1_117' title='bbox 315 2500 347 2559; x_wconf 86' lang='lat' dir='ltr'>et</span> <span class='ocrx_word' id='word_1_118' title='bbox 370 2496 572 2560; x_wconf 87' lang='lat' dir='ltr'>Hermannus</span> <span class='ocrx_word' id='word_1_119' title='bbox 597 2519 668 2559; x_wconf 89' lang='lat' dir='ltr'>eunr</span> <span class='ocrx_word' id='word_1_120' title='bbox 692 2496 875 2560; x_wconf 86' lang='lat' dir='ltr'>defenduat.</span> <span class='ocrx_word' id='word_1_121' title='bbox 922 2496 994 2560; x_wconf 80' lang='lat' dir='ltr'>Sive</span> <span class='ocrx_word' id='word_1_122' title='bbox 1018 2519 1090 2560; x_wconf 87' lang='lat' dir='ltr'>eum</span> <span class='ocrx_word' id='word_1_123' title='bbox 1114 2499 1235 2561; x_wconf 87' lang='lat' dir='ltr'>retine-</span> 
     </span>
     <span class='ocr_line' id='line_1_18' title="bbox 175 2622 1235 2705; baseline 0.001 -21"><span class='ocrx_word' id='word_1_124' title='bbox 175 2644 243 2685; x_wconf 85' lang='lat' dir='ltr'>mus</span> <span class='ocrx_word' id='word_1_125' title='bbox 267 2623 333 2686; x_wconf 87' lang='lat' dir='ltr'>sive</span> <span class='ocrx_word' id='word_1_126' title='bbox 351 2623 536 2705; x_wconf 82' lang='lat' dir='ltr'>respuimus,</span> <span class='ocrx_word' id='word_1_127' title='bbox 555 2622 652 2684; x_wconf 84' lang='lat' dir='ltr'>ceteri</span> <span class='ocrx_word' id='word_1_128' title='bbox 668 2622 752 2684; x_wconf 89' lang='lat' dir='ltr'>inter</span> <span class='ocrx_word' id='word_1_129' title='bbox 772 2643 804 2684; x_wconf 89' lang='lat' dir='ltr'>se</span> <span class='ocrx_word' id='word_1_130' title='bbox 824 2623 902 2684; x_wconf 87' lang='lat' dir='ltr'>bene</span> <span class='ocrx_word' id='word_1_131' title='bbox 919 2625 1098 2705; x_wconf 79' lang='lat' dir='ltr'>congruunt</span> <span class='ocrx_word' id='word_1_132' title='bbox 1113 2644 1235 2686; x_wconf 79' lang='lat' dir='ltr'>versus.</span> 
     </span>
     <span class='ocr_line' id='line_1_19' title="bbox 173 2744 1236 2830; baseline 0.001 -22"><span class='ocrx_word' id='word_1_133' title='bbox 173 2744 402 2829; x_wconf 74' lang='lat' dir='ltr'>interpolatum</span> <span class='ocrx_word' id='word_1_134' title='bbox 439 2770 506 2810; x_wconf 85' lang='lat' dir='ltr'>esse</span> <span class='ocrx_word' id='word_1_135' title='bbox 541 2751 647 2808; x_wconf 87' lang='lat' dir='ltr'>tamen</span> <span class='ocrx_word' id='word_1_136' title='bbox 677 2769 740 2808; x_wconf 90' lang='lat' dir='ltr'>non</span> <span class='ocrx_word' id='word_1_137' title='bbox 764 2747 966 2830; x_wconf 81' lang='lat' dir='ltr'>negaverim3</span> <span class='ocrx_word' id='word_1_138' title='bbox 1002 2746 1140 2828; x_wconf 82' lang='lat' dir='ltr'>scriptus</span> <span class='ocrx_word' id='word_1_139' title='bbox 1165 2768 1236 2809; x_wconf 89' lang='lat' dir='ltr'>esse</span> 
     </span>
     <span class='ocr_line' id='line_1_20' title="bbox 172 2870 1239 2957; baseline 0.002 -25"><span class='ocrx_word' id='word_1_140' title='bbox 172 2871 299 2934; x_wconf 83' lang='lat' dir='ltr'>videtur</span> <span class='ocrx_word' id='word_1_141' title='bbox 322 2873 361 2934; x_wconf 86' lang='lat' dir='ltr'>ab</span> <span class='ocrx_word' id='word_1_142' title='bbox 386 2871 500 2952; x_wconf 90' lang='lat' dir='ltr'>aliqu0,</span> <span class='ocrx_word' id='word_1_143' title='bbox 525 2871 579 2952; x_wconf 87' lang='lat' dir='ltr'>qui</span> <span class='ocrx_word' id='word_1_144' title='bbox 603 2894 652 2935; x_wconf 84' lang='lat' dir='ltr'>vv.</span> <span class='ocrx_word' id='word_1_145' title='bbox 679 2871 716 2932; x_wconf 79' lang='lat'>91</span> <span class='ocrx_word' id='word_1_146' title='bbox 744 2892 812 2953; x_wconf 82' lang='lat' dir='ltr'>sqq.</span> <span class='ocrx_word' id='word_1_147' title='bbox 830 2871 942 2933; x_wconf 88' lang='lat' dir='ltr'>melius</span> <span class='ocrx_word' id='word_1_148' title='bbox 960 2871 1119 2957; x_wconf 85' lang='lat' dir='ltr'>explicare</span> <span class='ocrx_word' id='word_1_149' title='bbox 1137 2870 1239 2934; x_wconf 80' lang='lat' dir='ltr'>vellet</span> 
     </span>
    </p>
   </div>
   <div class='ocr_carea' id='block_1_8' title="bbox 174 2995 1240 3078">
    <p class='ocr_par' dir='ltr' id='par_1_9' title="bbox 174 2995 1240 3078">
     <span class='ocr_line' id='line_1_21' title="bbox 174 2995 1240 3078; baseline 0.003 -21"><span class='ocrx_word' id='word_1_150' title='bbox 174 2995 290 3078; x_wconf 90' lang='lat' dir='ltr'>quique</span> <span class='ocrx_word' id='word_1_151' title='bbox 326 2996 366 3057; x_wconf 93' lang='lat' dir='ltr'>ob</span> <span class='ocrx_word' id='word_1_152' title='bbox 403 3017 471 3058; x_wconf 84' lang='lat' dir='ltr'>eam</span> <span class='ocrx_word' id='word_1_153' title='bbox 507 3017 633 3057; x_wconf 84' lang='lat' dir='ltr'>causam</span> <span class='ocrx_word' id='word_1_154' title='bbox 661 2996 756 3057; x_wconf 85' lang='lat' dir='ltr'>breve</span> <span class='ocrx_word' id='word_1_155' title='bbox 781 3017 888 3058; x_wconf 88' lang='lat' dir='ltr'>eorum</span> <span class='ocrx_word' id='word_1_156' title='bbox 913 2995 1003 3076; x_wconf 90' lang='lat' dir='ltr'>quasi</span> <span class='ocrx_word' id='word_1_157' title='bbox 1027 2996 1240 3060; x_wconf 89' lang='lat' dir='ltr'>summarium</span> 
     </span>
    </p>
   </div>
   <div class='ocr_carea' id='block_1_9' title="bbox 175 3119 1241 3202">
    <p class='ocr_par' dir='ltr' id='par_1_10' title="bbox 175 3119 1241 3202">
     <span class='ocr_line' id='line_1_22' title="bbox 175 3119 1241 3202; baseline 0.004 -22"><span class='ocrx_word' id='word_1_158' title='bbox 175 3119 394 3201; x_wconf 75' lang='lat' dir='ltr'>praemitteret,</span> <span class='ocrx_word' id='word_1_159' title='bbox 419 3120 511 3202; x_wconf 83' lang='lat' dir='ltr'>quod,</span> <span class='ocrx_word' id='word_1_160' title='bbox 536 3141 607 3182; x_wconf 85' lang='lat' dir='ltr'>cum</span> <span class='ocrx_word' id='word_1_161' title='bbox 628 3119 724 3182; x_wconf 86' lang='lat' dir='ltr'>etiam</span> <span class='ocrx_word' id='word_1_162' title='bbox 740 3122 861 3182; x_wconf 89' lang='lat' dir='ltr'>remoto</span> <span class='ocrx_word' id='word_1_163' title='bbox 879 3120 935 3182; x_wconf 82' lang='lat' dir='ltr'>hou</span> <span class='ocrx_word' id='word_1_164' title='bbox 952 3120 1123 3182; x_wconf 88' lang='lat' dir='ltr'>summario</span> <span class='ocrx_word' id='word_1_165' title='bbox 1139 3121 1241 3184; x_wconf 86' lang='lat' dir='ltr'>intel·</span> 
     </span>
    </p>
   </div>
   <div class='ocr_carea' id='block_1_10' title="bbox 174 3243 767 3327">
    <p class='ocr_par' dir='ltr' id='par_1_11' title="bbox 174 3243 767 3327">
     <span class='ocr_line' id='line_1_23' title="bbox 174 3243 767 3327; baseline 0.002 -22"><span class='ocrx_word' id='word_1_166' title='bbox 174 3243 239 3326; x_wconf 84' lang='lat' dir='ltr'>legi</span> <span class='ocrx_word' id='word_1_167' title='bbox 262 3245 392 3326; x_wconf 79' lang='lat' dir='ltr'>possint,</span> <span class='ocrx_word' id='word_1_168' title='bbox 417 3265 685 3326; x_wconf 85' lang='lat' dir='ltr'>supervacaneum</span> <span class='ocrx_word' id='word_1_169' title='bbox 710 3247 767 3327; x_wconf 87' lang='lat' dir='ltr'>est.</span> 
     </span>
    </p>
   </div>
   <div class='ocr_carea' id='block_1_11' title="bbox 280 3366 1163 3616">
    <p class='ocr_par' dir='ltr' id='par_1_12' title="bbox 280 3366 1163 3616">
     <span class='ocr_line' id='line_1_24' title="bbox 280 3366 587 3449; baseline 0 -19"><span class='ocrx_word' id='word_1_170' title='bbox 280 3366 429 3449; x_wconf 82' lang='lat' dir='ltr'>Sequitur</span> <span class='ocrx_word' id='word_1_171' title='bbox 453 3391 481 3430; x_wconf 86' lang='lat' dir='ltr'>v.</span> <span class='ocrx_word' id='word_1_172' title='bbox 508 3369 587 3430; x_wconf 80' lang='lat'>166:</span> 
     </span>
     <span class='ocr_line' id='line_1_25' title="bbox 295 3541 1163 3616; baseline -0.001 -18"><span class='ocrx_word' id='word_1_173' title='bbox 295 3560 399 3616; x_wconf 87' lang='lat' dir='ltr'>nempe</span> <span class='ocrx_word' id='word_1_174' title='bbox 424 3543 503 3615; x_wconf 87' lang='lat' dir='ltr'>quod</span> <span class='ocrx_word' id='word_1_175' title='bbox 526 3543 588 3599; x_wconf 83' lang='lat' dir='ltr'>haec</span> <span class='ocrx_word' id='word_1_176' title='bbox 611 3542 669 3600; x_wconf 89' lang='lat' dir='ltr'>illis</span> <span class='ocrx_word' id='word_1_177' title='bbox 693 3547 801 3599; x_wconf 85' lang='lat' dir='ltr'>natura</span> <span class='ocrx_word' id='word_1_178' title='bbox 825 3547 869 3600; x_wconf 85' lang='lat' dir='ltr'>est</span> <span class='ocrx_word' id='word_1_179' title='bbox 892 3541 1028 3600; x_wconf 88' lang='lat' dir='ltr'>omnibus</span> <span class='ocrx_word' id='word_1_180' title='bbox 1052 3560 1111 3597; x_wconf 88' lang='lat' dir='ltr'>una</span> <span class='ocrx_word' id='word_1_181' title='bbox 1160 3604 1163 3611; x_wconf 50' lang='lat'><em>‚</em></span> 
     </span>
    </p>
   </div>
   <div class='ocr_carea' id='block_1_12' title="bbox 172 3701 1245 3910">
    <p class='ocr_par' dir='ltr' id='par_1_13' title="bbox 172 3701 1245 3910">
     <span class='ocr_line' id='line_1_26' title="bbox 175 3701 1245 3783; baseline 0.002 -16"><span class='ocrx_word' id='word_1_182' title='bbox 175 3705 354 3768; x_wconf 81' lang='lat' dir='ltr'>Damnatur</span> <span class='ocrx_word' id='word_1_183' title='bbox 378 3726 396 3767; x_wconf 91' lang='lat' dir='ltr'>a</span> <span class='ocrx_word' id='word_1_184' title='bbox 418 3701 602 3782; x_wconf 88' lang='lat' dir='ltr'>Weidnero,</span> <span class='ocrx_word' id='word_1_185' title='bbox 628 3706 678 3767; x_wconf 87' lang='lat' dir='ltr'>cui</span> <span class='ocrx_word' id='word_1_186' title='bbox 702 3705 867 3783; x_wconf 87' lang='lat' dir='ltr'>assentior,</span> <span class='ocrx_word' id='word_1_187' title='bbox 893 3705 967 3767; x_wconf 89' lang='lat' dir='ltr'>dum</span> <span class='ocrx_word' id='word_1_188' title='bbox 990 3704 1083 3766; x_wconf 83' lang='lat' dir='ltr'>modo</span> <span class='ocrx_word' id='word_1_189' title='bbox 1107 3725 1245 3769; x_wconf 88' lang='lat' dir='ltr'>versum</span> 
     </span>
     <span class='ocr_line' id='line_1_27' title="bbox 172 3828 1244 3910; baseline 0.002 -19"><span class='ocrx_word' id='word_1_190' title='bbox 172 3830 212 3904; x_wconf 89' lang='lat' dir='ltr'>ob</span> <span class='ocrx_word' id='word_1_191' title='bbox 238 3851 306 3890; x_wconf 91' lang='lat' dir='ltr'>eam</span> <span class='ocrx_word' id='word_1_192' title='bbox 331 3829 429 3893; x_wconf 85' lang='lat' dir='ltr'>solam</span> <span class='ocrx_word' id='word_1_193' title='bbox 455 3849 581 3890; x_wconf 87' lang='lat' dir='ltr'>oausam</span> <span class='ocrx_word' id='word_1_194' title='bbox 607 3829 756 3890; x_wconf 86' lang='lat' dir='ltr'>damnare</span> <span class='ocrx_word' id='word_1_195' title='bbox 781 3828 886 3904; x_wconf 84' lang='lat' dir='ltr'>liceat,</span> <span class='ocrx_word' id='word_1_196' title='bbox 911 3829 993 3910; x_wconf 89' lang='lat' dir='ltr'>quod</span> <span class='ocrx_word' id='word_1_197' title='bbox 1017 3828 1125 3909; x_wconf 87' lang='lat' dir='ltr'>inepte</span> <span class='ocrx_word' id='word_1_198' title='bbox 1151 3829 1244 3894; x_wconf 88' lang='lat' dir='ltr'>inter</span> 
     </span>
    </p>
   </div>
   <div class='ocr_carea' id='block_1_13' title="bbox 172 3949 1242 4036">
    <p class='ocr_par' dir='ltr' id='par_1_14' title="bbox 172 3949 1242 4036">
     <span class='ocr_line' id='line_1_28' title="bbox 172 3949 1242 4036; baseline 0.001 -21"><span class='ocrx_word' id='word_1_199' title='bbox 172 3952 310 4036; x_wconf 86' lang='lat' dir='ltr'>reliquos</span> <span class='ocrx_word' id='word_1_200' title='bbox 330 3953 536 4034; x_wconf 90' lang='lat' dir='ltr'>interpositus</span> <span class='ocrx_word' id='word_1_201' title='bbox 553 3974 620 4015; x_wconf 87' lang='lat' dir='ltr'>esse</span> <span class='ocrx_word' id='word_1_202' title='bbox 636 3953 791 4016; x_wconf 82' lang='lat' dir='ltr'>videatur.</span> <span class='ocrx_word' id='word_1_203' title='bbox 828 3951 925 4014; x_wconf 80' lang='lat' dir='ltr'>Recte</span> <span class='ocrx_word' id='word_1_204' title='bbox 942 3955 1051 4015; x_wconf 90' lang='lat' dir='ltr'>monet</span> <span class='ocrx_word' id='word_1_205' title='bbox 1067 3949 1242 4034; x_wconf 81' lang='lat' dir='ltr'>Weidner,</span> 
     </span>
    </p>
   </div>
   <div class='ocr_carea' id='block_1_14' title="bbox 0 0 1418 4612">
    <p class='ocr_par' dir='ltr' id='par_1_15' title="bbox 0 0 1418 4612">
     <span class='ocr_line' id='line_1_29' title="bbox 0 0 1418 4612; baseline 0 0"><span class='ocrx_word' id='word_1_206' title='bbox 0 0 1418 4612; x_wconf 95' lang='lat' dir='ltr'> </span> 
     </span>
    </p>
   </div>
  </div>
 </body>
</html>
