2828 4612
615 275 809 339 -136-

183 475 254 517 suos
277 455 361 516 tecte
386 454 565 529 admouere,
586 474 626 515 ne
642 452 711 514 istis
728 452 905 534 importatis
922 451 1133 536 religionibus
1148 453 1240 515 nimis

184 599 217 641 se
252 579 377 641 dedant.
426 577 526 640 Addit
553 575 692 639 Palmius
716 579 853 658 poetam,
878 577 1021 658 quamvis
1046 600 1064 639 a
1088 577 1240 660 peculiari

147 700 149 707 ’
184 700 418 785 Aegyptiorum
442 701 648 764 immanitatis
673 700 817 782 exemplo
839 700 1067 782 proficiscatur,
1086 702 1126 765 ad
1141 704 1241 765 totam
1294 704 1299 719 '

177 849 274 911 suam
304 828 431 889 aetatem
455 828 619 906 totumque
643 846 743 908 genus
766 823 938 915 humanum
962 829 1124 908 spectare3
1160 827 1242 909 quod

111 1006 113 1010 ,
183 955 293 1014 contra
327 949 509 1032 liempfium
543 947 814 1031 Weidnerumque
838 953 1014 1028 confirmat,
1038 950 1093 1033 qui
1117 954 1241 1013 tanturn

183 1075 274 1138 modo
309 1074 380 1137 illas
414 1075 490 1137 duas
525 1078 636 1158 gentes
661 1074 840 1158 Aegyptias
863 1075 978 1156 respici
1001 1079 1128 1157 putant.
1174 1073 1246 1150 Qua
1312 1146 1316 1155 ,

183 1199 216 1261 in
240 1221 273 1262 re
297 1194 455 1262 Palmium
479 1199 582 1277 laudo,
607 1200 662 1262 sed
686 1199 731 1261 ita
756 1203 790 1262 ut
806 1199 864 1261 has
880 1198 989 1263 laudes
1006 1221 1078 1262 cum
1094 1199 1244 1283 Kempfio

183 1321 419 1405 Weidneroque
456 1323 675 1395 eommunicet,
711 1345 844 1405 quorum
868 1323 1025 1386 sententia
1049 1324 1147 1387 etiam
1170 1348 1246 1408 pro·

183 1447 287 1510 banda
311 1451 368 1510 est.
411 1445 470 1510 llle
495 1448 578 1511 euim
603 1469 640 1510 ea
664 1448 767 1531 magis
791 1448 930 1530 respicit,
955 1470 1025 1530 quae
1049 1449 1083 1511 in
1106 1451 1246 1532 posteri-

184 1572 290 1636 oribus
326 1572 478 1650 versibuS,
515 1571 547 1634 hi
582 1594 652 1654 quae
688 1572 721 1634 in
744 1572 902 1654 prioribus
926 1576 1114 1637 tractantur.
1160 1574 1244 1638 Mihi

169 1698 311 1780 ·quidern
338 1698 518 1760 universam
542 1697 671 1760 satiram
695 1697 906 1760 consideranti
930 1703 1023 1781 poeta
1048 1699 1085 1762 de
1110 1697 1245 1784 Aegyp-

182 1822 235 1884 tiis
270 1823 398 1904 quidem
423 1843 517 1904 agere
541 1821 675 1898 videtur,
700 1822 745 1884 ita
768 1826 875 1884 tamen
899 1825 934 1886 ut
957 1845 1064 1886 ornnes
1088 1823 1245 1903 hominen,

184 1946 260 2028 quid
295 1947 334 2009 ad
368 1968 476 2009 reram
510 1945 742 2008 humanitatem
770 1947 951 2030 cultumque
975 1949 1145 2031 pertineat,
1169 1949 1246 2012 iude

185 2071 317 2133 discant.

289 2193 497 2257 Weidnerum
515 2200 737 2279 argumentum
753 2195 846 2263 huius
863 2197 980 2280 eclogae
998 2197 1162 2260 insolitum
1175 2220 1247 2261 esse

185 2322 279 2402 atque
304 2342 322 2381 a
345 2320 443 2382 satira
467 2320 604 2382 alienum
629 2323 751 2402 putare,
776 2343 872 2403 supra
896 2321 971 2385 dixi.
1008 2321 1110 2385 uredo
1134 2326 1252 2387 tamen·

183 2443 366 2507 iuvenalem
400 2466 440 2507 ne
475 2445 508 2506 in
547 2444 606 2508 hac
642 2445 768 2527 quidem
805 2468 822 2507 a
857 2467 913 2507 suo
941 2468 1059 2528 genere
1082 2447 1249 2511 scribendi

184 2570 367 2632 ‹lesciacere
414 2567 499 2631 Nam
533 2574 569 2632 ut
602 2592 691 2633 avr.
719 2571 826 2634 1-13
850 2571 1048 2653 incipiamuS,
1073 2573 1145 2654 quis
1172 2595 1249 2637 eum

183 2715 246 2756 non
281 2697 455 2777 agnoscat?
490 2692 568 2757 lude
604 2718 622 2757 a
656 2696 762 2774 verbu,
797 2696 880 2777 quod
905 2700 952 2759 est
976 2696 1104 2759 demens
1129 2696 1173 2777 (v.
1203 2700 1251 2781 1),

183 2840 281 2900 usque
306 2819 345 2880 ad
370 2840 416 2891 eu,
442 2841 522 2900 (prae,
547 2823 583 2881 ut
606 2820 779 2902 saepissime
803 2822 887 2901 apud
912 2842 983 2883 euni
1006 2821 1052 2897 fit,
1074 2843 1132 2904 per
1149 2845 1250 2906 asyn-

185 2943 278 3005 deton
302 2943 474 3006 adduntur:
501 2943 647 3006 carnibus
672 2943 817 3006 humanis
841 2946 926 3008 vesci
949 2945 1033 3022 licet,
1051 2947 1169 3025 omnia,
1187 2971 1253 3012 nec

185 3067 314 3130 minime
349 3089 423 3130 sane
460 3068 647 3131 exclamatio
683 3090 730 3146 ea,
766 3091 836 3150 quae
865 3072 913 3131 est
934 3092 963 3133 v.
990 3070 1041 3146 10,
1065 3090 1251 3136 sermonem

181 3187 423 3254 -Iuvenalianum
448 3191 561 3254 mirum
586 3195 739 3275 quantum
762 3193 926 3275 resipiunt.
974 3192 1077 3268 Quid?
1113 3196 1170 3278 qui
1197 3219 1253 3260 se-

185 3319 323 3397 quuntur
357 3338 408 3378 vv.
435 3316 563 3378 14-26
591 3339 667 3378 nuru
692 3314 851 3396 Iuvenale,
875 3340 951 3380 num
974 3319 1072 3381 satira
1094 3319 1255 3406 indigni?

184 3437 323 3502 Mendax
357 3439 411 3502 ille
440 3440 630 3524 aretaloguS,
655 3464 750 3524 quem
773 3464 853 3504 unus
877 3462 916 3504 ex
939 3442 1138 3524 Phaeacibus,
1164 3468 1254 3510 non-

185 3564 259 3626 dum
294 3563 409 3639 ebrius
445 3564 478 3626 iu
512 3587 599 3628 mare
625 3567 707 3629 abici
730 3566 827 3643 iubet,
852 3567 935 3648 quod
959 3566 1120 3649 Elpenora
1143 3591 1255 3653 grun-

106 3771 109 3775 Δ
184 3688 279 3751 niisse
315 3692 510 3751 commentus
546 3692 603 3768 est,
639 3713 713 3753 num
748 3690 855 3772 inepte
891 3691 1069 3755 inducitur?
1104 3689 1143 3756 In
1175 3696 1253 3760 rixa

185 3811 391 3874 describenda
415 3812 487 3875 inde
513 3836 531 3875 a
554 3836 583 3877 v.
608 3816 649 3877 33
673 3817 767 3896 poeta
789 3815 894 3879 iocose
919 3837 1014 3900 agere
1038 3837 1101 3880 non
1117 3838 1253 3905 semper

183 3939 299 4019 potest,
323 3937 397 4019 quia
420 3936 452 3999 in
476 3960 509 4000 re
533 3937 671 4001 nefanda
694 3942 848 4018 versatur,
864 3941 1020 4004 tamenin
1037 3940 1140 4023 initio,
1156 3953 1254 4027 post-
