2828 4612
544 298 798 359 ...79.„

175 474 365 538 intercedat.
400 471 437 536 In
458 474 520 537 fine
536 475 643 538 satirae
659 478 755 557 poeta
772 475 1001 558 turpitudinem
1017 498 1125 540 eorum
1142 476 1239 539 casti·

123 674 125 680 ³
176 600 246 684 gat,
282 599 337 681 qui
370 601 510 682 quaestus
546 621 650 674 causa,
678 600 767 662 nulla
790 601 932 663 amicitia
956 602 1051 679 ducti,
1076 623 1109 664 se
1133 601 1238 664 studio

176 727 211 787 et
246 746 351 787 amore
387 746 464 808 erga
499 724 613 789 divites
648 724 790 794 homines
818 726 961 792 incensos
986 749 1063 804 esse,
1088 726 1239 789 simulare

176 849 290 912 solent.

269 956 365 1037 *Hiaec
403 974 443 1037 ad
482 975 600 1037 bonnm
638 996 764 1037 carmen
799 976 1049 1058 componendum
1084 975 1238 1052 sufficere,

177 1099 250 1182 quis
285 1121 348 1162 non
371 1099 478 1162 videt?
525 1098 645 1163 Tamen
669 1100 766 1162 satira
790 1076 975 1163 duodecima
999 1105 1031 1163 et
1054 1123 1167 1182 aspera
1191 1105 1239 1163 est
1311 1117 1314 1123 '

176 1227 211 1286 et
246 1223 343 1306 plena
376 1224 596 1286 difficultatum
625 1245 681 1287 nec
706 1247 777 1288 raro
800 1226 833 1287 in
856 1225 981 1288 salebra
1003 1225 1238 1315 haeretoratio,

175 1352 221 1411 ut*
248 1370 333 1431 saepe
368 1350 556 1426 nesciamus
591 1371 653 1431 quo
688 1350 780 1412 modo
814 1371 869 1412 nos
897 1350 1046 1432 expedire
1070 1351 1238 1432 possimus,

127 1453 131 1459 ¹
176 1473 301 1557 Magna
325 1477 373 1537 est
390 1474 474 1536 inter
489 1473 572 1536 viros
589 1475 695 1536 doctos
712 1474 864 1537 dissensio
880 1475 918 1536 de
935 1475 1115 1557 argumenti
1132 1475 1239 1557 dispo-

177 1598 277 1662 nendi
301 1599 433 1676 ratione,
457 1620 559 1682 neque
584 1599 666 1663 iusta
691 1620 785 1661 causa
801 1599 894 1661 huius
912 1599 1116 1662 dissensionis
1130 1601 1239 1663 deesse

178 1723 317 1786 videtur.

287 1845 321 1910 Si
359 1847 539 1930 quaerimus,
578 1848 654 1930 quid
692 1848 753 1911 sibi
792 1849 991 1930 proposuerit
1025 1853 1128 1930 poeta,
1168 1871 1238 1912 cnm

182 1970 314 2034 satiram
338 1972 554 2035 duodecimam
578 1973 742 2047 scriberet,
766 1973 970 2035 manifestum
994 1978 1051 2050 est,
1074 1974 1150 2035 duas
1168 1996 1239 2036 eum

172 2116 231 2158 res
262 2096 357 2159 simul
380 2097 505 2179 assequi
530 2097 674 2174 voluisse,
699 2119 793 2159 unam
817 2103 852 2159 ut
876 2098 1027 2181 gaudium
1051 2099 1090 2160 ob
1114 2098 1240 2160 felicem

179 2222 321 2287 reditum
355 2222 448 2285 amici
476 2222 710 2297 testificaretur,
736 2222 868 2283 alteram
892 2225 927 2282 ut
950 2222 1139 2298 ostenderet,
1163 2223 1240 2304 quid

177 2349 267 2412 inter
300 2347 378 2410 illud
414 2346 567 2430 gaudium
601 2345 759 2407 sincerum
794 2348 825 2407 et
860 2345 1041 2407 simulatum
1068 2346 1100 2407 in
1126 2347 1241 2409 divites

179 2473 326 2536 homines
361 2473 499 2535 studium
534 2473 745 2563 captaturum
761 2469 937 2532 interesset.
985 2468 1240 2543 Quamobrem

180 2619 254 2660 cum
290 2597 360 2659 una'
388 2618 459 2658 curn
495 2595 595 2658 altera
630 2599 697 2656 arte
734 2594 902 2657 coniuncta
936 2595 988 2671 sit,
1025 2598 1109 2657 recte
1129 2600 1241 2657 monet

180 2720 389 2784 Heinrichius
407 2721 441 2801 ¹),
476 2719 528 2782 hio
563 2741 626 2782 non
661 2719 777 2800 duplex
813 2738 880 2781 esse
911 2721 1149 2802 argumentum3
1185 2719 1241 2781 sed

180 2867 253 2909 cum
284 2845 371 2908 addit
394 2845 489 2921 idem,
513 2866 576 2906 non
599 2844 751 2924 scriptam
775 2865 842 2906 esse
866 2844 997 2906 satiram
1021 2844 1054 2906 in
1078 2844 1184 2907 avidos
1210 2849 1243 2907 et

180 2991 315 3052 rapaces
342 2969 484 3032 homines
509 2971 563 3031 aut
586 2968 619 3030 in
642 2967 853 3050 heredipetas,
879 2968 907 3030 ei
930 2990 992 3030 non
1015 2969 1109 3050 plane
1134 2991 1242 3031 assen-

180 3090 256 3158 t'ior.
302 3091 386 3156 Nam
420 3093 488 3156 haec
523 3093 621 3155 satira
656 3091 751 3154 etiam
785 3093 818 3154 in
853 3092 885 3154 id
904 3103 1016 3175 'genus
1040 3092 1183 3155 homines
1207 3116 1241 3155 re

181 3232 267 3280 vera'
294 3218 414 3301 scripta
449 3221 505 3292 est,
542 3217 689 3299 quoniam
724 3216 870 3279 transitio
895 3218 934 3278 ad
958 3238 1010 3279 eos
1034 3217 1137 3279 facilis
1162 3222 1241 3295 erat,

181 3364 286 3424 neque
311 3346 417 3404 tamen
441 3342 558 3423 duplex
582 3345 804 3424 argumentum
830 3345 886 3417 est,
911 3341 937 3402 si
962 3342 1089 3422 quidem
1112 3340 1172 3403 hoc
1196 3342 1258 3407 ita.

181 3466 412 3550 intellegimus
436 3470 472 3527 ut
496 3467 533 3527 de
558 3466 678 3528 duabus
702 3466 807 3542 rebuS,
824 3486 957 3546 quarum
974 3487 1036 3526 una
1053 3487 1124 3527 eum
1141 3466 1242 3528 altera

182 3589 267 3654 nihil
289 3590 412 3674 negotii
435 3589 562 3666 habeat,
587 3589 771 3672 cogitemus.
812 3587 911 3663 Quem
936 3589 1124 3651 admodum
1149 3587 1243 3653 luve-

183 3715 267 3777 nalis
301 3715 333 3776 in
368 3715 466 3777 satira
493 3714 658 3777 undecima
683 3714 719 3776 de
745 3715 947 3796 simplicitate
972 3714 1056 3776 illius
1081 3736 1177 3794 cenae,
1202 3716 1241 3776 ad

296 3979 316 4047 ¹)
336 3980 467 4033 flammea
487 3981 504 4033 1.
524 3981 542 4033 r.
564 3980 617 4034 vor.
637 3980 657 4032 r.
676 3999 702 4048 p.
724 3943 798 4032 nos
