2828 4612
590 326 629 334 -
657 291 697 352 15
724 326 762 332 .-

143 469 373 552 oomparavisse
396 467 541 531 ostendit.
578 466 679 541 Quam
695 466 768 529 inde
784 469 927 550 segetem
943 466 1081 543 demetet
1097 469 1205 549 patro-

142 596 223 656 nus?
258 592 440 674 Respondet
463 590 614 655 Naevolus
638 615 688 655 vv.
713 591 859 655 87-90:

249 767 314 824 iura
337 766 468 842 parentis
491 767 590 834 habes,
615 770 738 841 propter
762 785 807 823 me
831 765 965 823 scriberis
989 767 1083 833 heres,

249 875 381 948 legatum
406 892 491 930 omne
515 873 603 948 capis,
629 892 681 929 neo
705 893 762 931 nou
787 878 816 930 et
840 873 924 930 dulce
948 874 1103 930 caducum.

250 979 403 1038 commoda
427 983 570 1054 praeterea
594 980 756 1054 iungentur
779 980 874 1036 multa
898 979 1024 1048 caducis

251 1087 275 1144 si
298 1106 463 1155 numerum,
488 1087 512 1143 si
535 1090 595 1144 tres
619 1086 779 1161 implevero

251 1248 348 1332 Operi
371 1251 534 1330 tamquam
558 1210 722 1332 fastigium
746 1248 926 1331 impositum
945 1252 1001 1311 est.
1037 1247 1205 1311 Virronem

144 1375 250 1457 aptius
286 1394 485 1436 commovere
521 1370 670 1435 Naevolus
693 1372 781 1436 nullo
804 1373 897 1435 modo
920 1373 1046 1454 poterit.
1094 1371 1205 1455 ltaque

145 1496 307 1562 Iuvenalis
332 1520 403 1559 eum
427 1480 611 1578 interpellat
635 1502 667 1560 et
691 1497 752 1560 alio
769 1497 870 1560 flectit
886 1515 1062 1560 sermonem
1079 1497 1121 1578 (v.
1139 1498 1205 1578 90).

252 1621 373 1684 Versus
398 1623 546 1685 79-80:

251 1798 388 1855 instabile
412 1801 442 1854 et
466 1796 563 1854 dirimi
587 1800 722 1871 coeptum
749 1806 776 1854 et
800 1797 858 1854 iam
882 1816 965 1872 praeire
989 1799 1120 1855 solutum

251 1905 419 1979 coniugium
444 1905 473 1961 in
497 1905 598 1962 multis
623 1904 757 1962 domibus
782 1905 911 1963 servavit
935 1905 1051 1962 adulter

145 2087 268 2169 spurios
304 2109 381 2163 esse,
414 2091 445 2148 et
468 2085 664 2149 Ribbeekius
689 2089 721 2148 et
745 2084 880 2169 Pinzger
903 2086 1053 2148 iudicant.
1101 2085 1206 2149 Huius

145 2211 264 2274 verbis:
289 2210 428 2292 produnt
450 2209 687 2292 interpolatoris
711 2232 838 2271 manum
859 2213 891 2271 et
906 2210 1014 2291 inepta
1031 2211 1207 2294 tautologia

146 2334 305 2408 instabile,
341 2333 446 2394 dirimi
482 2337 639 2413 coeptum,
675 2353 765 2413 paene
800 2333 947 2408 solutum,
984 2337 1015 2394 et
1051 2356 1087 2397 eo
1123 2337 1205 2417 quod

147 2457 228 2519 nihil
261 2457 321 2519 nisi
356 2457 460 2520 locum
495 2478 690 2520 communem
716 2457 888 2534 continent,
913 2479 952 2519 ex
974 2461 1076 2539 poetae
1101 2461 1206 2522 verbis

147 2582 322 2644 derivatum
342 2581 376 2663 Γ),
408 2581 501 2645 facile
526 2581 690 2656 assentior,
715 2582 796 2663 quod
821 2582 860 2643 ad
884 2581 986 2645 looum
1011 2605 1206 2646 oonrmunem

146 2706 279 2784 attinet;
317 2706 491 2790 tautologia
524 2706 592 2783 illa,
616 2727 710 2788 qnam
735 2705 904 2789 improbat,
929 2728 991 2768 non
1016 2728 1104 2788 aeque
1129 2707 1206 2770 milri

147 2835 240 2914 atque
274 2831 303 2893 ei
327 2831 460 2893 molesta
484 2831 619 2908 videtur,
643 2853 716 2892 nam
740 2852 801 2893 non
824 2831 909 2893 idem
933 2830 1115 2914 significant
1138 2831 1208 2897 haeo

146 2955 242 3018 verba
266 2955 424 3032 instabile,
450 2955 555 3017 dirimi
581 2958 737 3037 coeptum,
763 2977 852 3038 paene
877 2955 1023 3035 solutum,
1048 2958 1151 3020 sedin
1168 2958 1207 3020 iis

147 3101 270 3161 quoque
294 3081 441 3163 gradatio
465 3079 610 3162 quaedam
634 3082 787 3142 servatur.
827 3077 860 3142 Si
882 3083 1000 3162 praeter
1022 3080 1104 3143 hanc
1120 3081 1207 3143 nulla
1264 3121 1265 3125 =

148 3176 209 3264 alia
244 3225 338 3266 eausa
374 3204 492 3266 adferri
523 3207 640 3286 posset,
677 3225 729 3266 eos
765 3203 902 3266 retinere
926 3226 987 3268 non
1011 3204 1206 3277 dubitarem;

146 3330 182 3390 ut
208 3348 291 3389 nune
315 3332 398 3405 sunt,
423 3349 517 3390 manu
542 3328 687 3392 benevoli
710 3328 945 3411 interpolatoris
969 3329 1002 3390 in
1026 3333 1206 3392 contextum

146 3452 311 3534 irrepsisse
334 3473 397 3514 non
420 3453 613 3535 negaverim.

252 3575 352 3650 Quem
376 3576 566 3639 admodum
589 3574 747 3640 Iuvenalis
771 3599 800 3640 v.
830 3578 870 3640 85
898 3576 1032 3657 (foribus
1047 3579 1205 3660 suspende

147 3701 287 3781 coronas)
323 3722 394 3764 oum
428 3699 565 3764 Virrone
601 3702 713 3764 acerbe
745 3701 921 3773 cavillatur,
946 3702 992 3763 ita
1016 3703 1112 3764 etiam
1136 3703 1207 3765 aliis

255 3876 274 3943 ¹)
292 3845 326 3931 G.
355 3878 485 3930 szena:
513 3877 554 3932 De
579 3877 703 3932 versibus
731 3876 831 3946 spuriis
859 3881 888 3932 et
915 3877 987 3932 male
1016 3877 1149 3946 suspectis
1177 3878 1205 3930 in

146 3966 285 4020 Iuvenalis
304 3966 406 4030 satiris
426 3966 541 4020 Vratisl.
562 3967 629 4020 1827
649 3985 675 4035 p.
696 3967 737 4019 ll.
