2828 4612
578 1151 730 1261 Satira
768 1153 838 1261 XI.

236 1483 246 1499 ·
283 1400 418 1466 Satiram
455 1402 655 1464 undecimam
689 1400 722 1483 in
758 1402 835 1464 duas
869 1405 987 1485 partes,
1016 1425 1149 1485 quarum
1173 1426 1236 1467 una

170 1550 225 1593 vv.
264 1528 382 1605 1-55‚
418 1526 519 1589 altera
553 1549 603 1620 vu.
640 1528 791 1590 56—208
828 1527 977 1605 continet,
1013 1528 1111 1590 dividi
1134 1550 1234 1610 posse,

172 1650 271 1715 facile
295 1651 447 1715 videmus,
488 1650 720 1735 Argumentum
744 1651 880 1733 primum
905 1652 1014 1733 paucis
1031 1675 1235 1735 exponemus

175 1778 291 1841 deinde
315 1778 352 1840 de
378 1776 569 1840 cohaerentia
592 1777 765 1859 loquemur.

283 1900 360 1977 Quae
384 1902 418 1964 in
440 1902 544 1984 priore
568 1905 658 1984 parte
684 1901 893 1984 disputantur,
912 1923 949 1964 ea
966 1903 1005 1964 acl
1021 1925 1071 1966 vv.
1090 1902 1235 1966 35—36:

304 2078 451 2136 noscenda
476 2081 520 2134 est
542 2095 680 2134 mensura
704 2076 750 2134 sui
772 2077 991 2151 spectandaque
1015 2077 1104 2134 rebus

305 2184 336 2241 in
359 2183 481 2241 sunnnis
503 2183 690 2257 minimisque

173 2369 340 2448 tamquam
376 2365 416 2427 ad
450 2364 570 2426 fontem
597 2363 738 2427 revocari
761 2366 900 2444 possunt,
925 2385 999 2424 nam
1023 2366 1119 2445 caput
1142 2386 1237 2448 argu-

173 2488 381 2577 mentationis
416 2488 472 2551 illa
506 2509 654 2550 mensura
686 2489 743 2564 est,
768 2509 838 2569 quae
863 2487 889 2549 si
914 2487 1004 2565 desit,
1029 2488 1134 2550 omnia
1156 2510 1238 2550 vana

176 2616 209 2676 et
244 2613 376 2676 confusa
411 2635 479 2675 esse
514 2616 610 2696 poeta
636 2616 752 2676 monet.
800 2611 889 2687 Quod
912 2612 946 2674 in
969 2612 1051 2675 hanc
1076 2613 1142 2675 fere
1166 2634 1238 2674 seu·

173 2737 314 2800 tentiam
344 2737 552 2801 demonstrat.
599 2734 661 2811 Illi,
686 2714 800 2819 inquit,
824 2737 879 2818 qui
903 2737 935 2799 in
959 2736 1127 2815 luxuriam,
1151 2736 1239 2799 nulla

177 2861 378 2924 fortunarum
414 2861 534 2924 ratione
569 2860 689 2939 habita,
725 2861 893 2943 pecuniam
929 2865 1071 2944 erugant,
1106 2862 1140 2923 in
1168 2883 1239 2924 eum

177 2989 297 3048 statum
332 2989 490 3068 postremo
524 2986 722 3068 rediguntur,
758 2989 792 3048 ut
816 2985 855 3047 ad
878 2985 978 3047 vitam
1001 2985 1240 3047 sustentandam

176 3131 248 3173 sese
281 3110 404 3173 lanistae
428 3110 565 3172 vendere
590 3114 753 3194 cogantur,
778 3109 865 3172 velut
888 3108 1015 3173 Rutilus
1040 3108 1103 3189 (vv.
1129 3110 1239 3190 1-8).

176 3232 241 3308 Qui
276 3235 414 3297 nondum
449 3239 539 3296 tanta
569 3235 702 3316 penuria
726 3234 880 3311 laborant,
905 3239 1022 3309 tamen,
1047 3235 1121 3316 quia
1145 3233 1183 3295 iis
1208 3234 1241 3296 in

176 3359 247 3422 solo
271 3359 379 3441 palato
404 3381 498 3421 causa
521 3359 648 3422 vivendi
670 3363 727 3437 est,
745 3359 834 3422 brevi
852 3359 986 3420 eundem
1002 3362 1096 3440 atque
1113 3356 1240 3420 Rutilus

178 3483 302 3546 exitum
326 3483 506 3560 habebunt3
531 3484 644 3547 nimios
668 3486 811 3564 sumptus
834 3505 922 3545 mure
947 3483 1115 3545 stultorum
1138 3481 1241 3546 homi·

176 3629 256 3670 num
279 3607 411 3686 faciunt,
436 3607 481 3670 sic
506 3609 545 3670 ad
568 3607 764 3670 niiscillanea
789 3607 855 3670 ludi
879 3607 965 3669 ocius
989 3607 1089 3669 serius
1113 3607 1243 3669 venient

177 3729 245 3813 (vv.
282 3732 413 3809 9-20).
461 3726 580 3795 Vivant
615 3732 671 3809 ita,
707 3733 761 3813 qui
797 3731 910 3795 divites
946 3731 1024 3807 sint;
1060 3732 1114 3812 qui
1137 3730 1242 3794 minus

177 3855 322 3919 habeant
355 3856 567 3935 meminerint,
603 3860 758 3938 quantum
794 3856 889 3918 distet
927 3855 1070 3918 sacculus
1106 3858 1145 3920 ab
1170 3879 1242 3920 arca

179 3950 301 4043 feriata
336 3978 399 4059 (vv.
428 3981 583 4062 21-27).
630 3979 731 4044 Vetus
756 3983 787 4042 et
810 3981 920 4043 tritum
945 3981 1024 4044 illud
1048 3985 1112 4044 est:
1148 3980 1243 4057 γνῶθι
