2828 4612
619 295 793 357 ..21-

262 477 422 552 praecipue.
469 475 547 534 Cave
570 476 608 535 sis
631 480 666 534 tu
688 477 806 552 linguas
830 478 1042 552 mancipiorum

263 582 450 642 contemnas:
475 603 544 641 nam
567 583 670 659 lingua
693 585 764 641 mali
787 603 856 658 pars
879 584 1005 659 pessima
1028 584 1116 643 servi.

194 704 199 717 ·
265 690 392 748 deterior
415 693 515 747 tamen
538 690 585 749 hio
609 694 664 748 cet.

280 870 410 934 Retinet
444 871 544 955 igitur
572 871 741 935 lectionem
765 871 881 936 codicis
906 871 952 950 P,
977 873 1059 954 quod
1082 818 1142 935 rix¹
1159 872 1238 935 licet

174 995 214 1058 ob
249 1017 301 1058 eas
338 1017 458 1074 causas
494 1017 572 1078 quas
606 1018 703 1079 supra
731 997 904 1062 attulimus,
951 995 1039 1071 Quod
1063 1001 1098 1060 ut
1121 1000 1153 1060 et
1176 1019 1234 1060 nec

175 1120 219 1183 ita
254 1120 411 1198 emendat,
446 1124 481 1182 ut
513 1142 570 1202 pro
593 1120 648 1184 illo
670 1125 715 1199 tu,
739 1143 797 1205 pro
820 1121 880 1184 hoc
904 1143 977 1184 nam
1000 1121 1128 1199 scribat,
1154 1123 1233 1186 bene

173 1244 260 1307 facit.
307 1243 341 1308 Si
376 1245 504 1326 quidem
529 1245 594 1307 ulla
618 1244 691 1308 huic
715 1247 782 1309 loco
807 1245 964 1308 medicina
988 1246 1082 1309 debet
1106 1246 1233 1324 adferri,

174 1367 351 1432 Vahlenius
387 1369 554 1432 admodum
590 1370 705 1432 bonam
738 1371 871 1455 praebet.
924 1368 985 1432 Sed
1019 1371 1127 1445 verba,
1162 1393 1233 1452 quae

175 1497 248 1555 sunt
284 1497 359 1556 tunc
395 1496 452 1571 est,
487 1516 551 1557 non
585 1498 795 1571 removentur,
832 1499 864 1557 et
899 1495 1068 1576 corripitur
1091 1516 1178 1573 cave,
1203 1498 1238 1558 et-

174 1618 353 1681 retinentur
376 1641 425 1681 vv.
453 1620 636 1697 122—123,
661 1618 716 1701 qui
739 1617 801 1681 non
821 1619 913 1682 modo
929 1620 1108 1696 verborum,
1124 1641 1234 1684 verum

176 1743 282 1820 etiam,
306 1744 389 1826 quod
412 1742 498 1806 haud
521 1743 586 1807 scio
614 1766 654 1806 en
678 1744 807 1827 gravius
830 1744 882 1822 sit,
906 1743 1136 1807 sententiarum
1152 1744 1234 1807 diffi-

176 1866 292 1930 cultate
317 1867 473 1931 laborant.

282 1991 360 2054 (lum
387 2014 449 2055 non
473 1992 608 2074 amplius
632 1993 738 2075 opinio
762 2015 880 2070 eorum,
905 1993 960 2075 qui
984 2015 1055 2055 cum
1075 1991 1238 2066 ,Teuffelio

176 2117 379 2194 arbitrantur,
405 2117 562 2198 duplicem
586 2117 802 2180 recensionem
826 2118 996 2180 satirarum
1020 2141 1039 2180 a
1054 2121 1149 2199 poeta
1164 2118 1234 2200 ipso

174 2241 293 2302 factam
328 2261 406 2318 esse,
437 2241 514 2302 satis
537 2241 639 2303 firmis
663 2242 859 2323 argumentis
882 2241 963 2303 fulta
987 2263 1054 2304 esse
1078 2242 1233 2316 videatur,

176 2363 229 2424 vix
263 2384 341 2445 opus
378 2366 425 2426 est
461 2364 497 2424 ad
535 2385 605 2425 eam
640 2363 853 2426 recensionem
889 2365 1072 2447 confugere,
1107 2365 1144 2441 si,
1172 2387 1234 2446 quo

176 2486 267 2548 modo
302 2509 352 2550 vv.
390 2487 563 2551 120—123
591 2487 623 2549 in
648 2490 829 2550 contextum
853 2487 1049 2571 irrepserint,
1074 2487 1234 2569 explicare

175 2611 319 2674 velimus
366 2608 586 2675 Adversantur
621 2610 782 2687 Teuffelio,
817 2610 1001 2691 Weidnero,
1037 2612 1118 2691 aliis,
1142 2612 1235 2675 multi

176 2738 208 2798 et
232 2735 315 2798 docti
338 2735 409 2814 viri,
434 2759 567 2819 quorum
590 2736 642 2799 hic
666 2737 830 2819 opiniones
853 2737 1002 2820 persequi
1025 2737 1156 2822 longum
1177 2741 1234 2801 est.

176 2857 335 2942 Imprimis
358 2859 574 2945 Mosengelius
597 2883 660 2924 non
685 2861 752 2924 sine
769 2883 915 2924 successu
933 2865 1121 2946 argumenta
1137 2860 1237 2925 Teuf-

176 2983 244 3046 felii
266 2986 395 3048 refutat.
442 2983 550 3068 Atque
573 2984 750 3050 Vahlenius
775 2987 813 3049 ad
837 3009 888 3050 vv.
915 2988 1104 3051 lla—123:
1130 2986 1236 3070 dupli·

177 3108 221 3170 cis
257 3112 372 3188 autem,
408 3110 521 3192 inquit,
555 3110 756 3188 recensionis
787 3132 858 3193 quae
881 3113 1021 3189 vocatur,
1045 3133 1108 3194 qua
1131 3111 1235 3192 posita
1316 3109 1317 3112 ’

176 3231 288 3295 horum
326 3255 474 3297 versuum
513 3234 714 3297 difficultates
753 3256 823 3317 quae
861 3236 1052 3299 videbantur
1090 3235 1233 3317 expediri

175 3378 267 3440 posse
292 3357 354 3419 rati
377 3361 459 3436 sunt,
484 3379 542 3420 nec
564 3357 624 3422 hoc
647 3359 715 3422 loco
738 3380 796 3422 nec
820 3359 884 3422 ullo
906 3360 940 3422 in
963 3358 1013 3422 his
1029 3359 1134 3422 satiris
1151 3359 1236 3421 indi-

174 3481 224 3544 cia
248 3484 413 3565 apparent.
449 3480 558 3545 Simile
575 3482 641 3546 fere
658 3483 810 3547 iudicium
825 3481 1046 3548 Schoenaichii
1060 3482 1085 3563 ¹)
1106 3484 1163 3560 est,
1179 3483 1235 3564 qui

175 3606 209 3668 in
233 3628 270 3669 ea
293 3609 384 3691 parte
408 3606 519 3685 libelli,
544 3629 614 3689 quae
639 3610 686 3670 est
710 3609 747 3671 de
772 3608 891 3691 duplici
907 3608 1100 3686 recensione,
1121 3608 1235 3671 adver-

176 3731 273 3793 sarios
308 3731 495 3795 convincere
525 3731 624 3814 probe
648 3732 718 3796 scit.
765 3731 833 3796 Hoc
857 3735 982 3794 tantum
1005 3731 1183 3810 confitetur,
1207 3732 1235 3794 si

174 3880 387 3890 ψ...-

284 3968 304 4037 ¹)
324 3970 356 4024 G.
376 3971 541 4024 Scuoaarcu:
570 3970 740 4035 Quaestiones
759 3971 955 4036 Iuvenalianae,
974 3971 1054 4024 Halae
1073 3971 1152 4025 1883.
