2828 4612
511 285 515 291 ’
621 290 792 353 -86-

175 471 207 531 et
230 468 320 532 finita
344 468 555 550 explicatione
580 490 616 530 eo
632 467 724 545 redit,
742 468 824 530 unde
841 467 1013 532 declinavit
1027 465 1141 530 oratio.
1176 464 1234 529 Est

175 593 275 677 igitur
297 615 348 656 vv.
373 594 502 656 83-92
527 592 648 655 reditus
671 591 711 655 ad
734 592 940 674 propositum,
957 613 1019 655 nou
1034 590 1166 673 ineptus
1181 589 1235 653 sed

175 720 268 799 aptas
293 720 324 780 et
348 717 540 780 commodus.

280 839 321 904 Υ.
346 842 385 904 18
403 840 573 923 descriptio
588 842 788 925 tempestatis
804 842 957 924 sequitur,
974 861 1044 923 quae
1062 838 1235 922 descriptio

173 968 220 1029 tot
256 987 347 1028 curas
381 965 457 1043 uiris
492 966 591 1029 doctis
627 966 747 1030 attulit.
794 964 914 1028 Omitto
949 986 1038 1027 usum
1068 963 1234 1047 particula

174 1111 246 1152 cunr
269 1089 312 1170 (v.
338 1088 403 1169 20),
428 1111 498 1172 quae
522 1089 581 1153 hoo
605 1090 674 1154 loco
698 1090 861 1154 commoda
884 1111 945 1153 non
968 1093 1026 1168 est,
1052 1091 1084 1151 et
1106 1091 1235 1153 transeo

174 1215 215 1277 ad
237 1237 287 1279 vr.
312 1217 457 1279 22-24:

825 1354 922 1411 omnia
946 1354 1021 1410 fiunt

312 1461 395 1521 talia.
421 1466 482 1518 tam
505 1461 647 1535 graviter.
673 1461 697 1517 si
720 1461 839 1534 quando
862 1460 977 1535 poetica
1000 1459 1100 1536 surgit

314 1572 475 1643 tempestas

280 1747 339 1822 Qui
364 1770 483 1823 versus,
509 1751 544 1810 nt
567 1748 713 1825 vidimus,
738 1747 958 1812 Haenickeum
974 1747 1234 1830 impulerunt‚'ut

174 1894 221 1949 ea,
245 1894 316 1955 quae
340 1875 524 1955 sequuntur,
550 1895 568 1934 a
592 1869 741 1935 iuvenale
766 1873 1002 1936 dissimulanter
1024 1873 1146 1954 scripta
1166 1893 1232 1935 esse

175 1996 389 2059 contenderet.
429 1996 575 2059 Editores
599 1995 657 2059 hos
680 2018 789 2059 versus
812 1997 909 2081 vulgo
931 1998 978 2061 ita
1000 1997 1183 2072 emendant,
1200 2000 1234 2060 ut

175 2142 234 2202 pro
256 2121 283 2182 si
306 2121 433 2202 quando
456 2120 568 2204 legant
590 2143 686 2203 quam
709 2121 844 2202 quande.
885 2121 980 2185 Cuius
1004 2121 1234 2185 emendationis

174 2250 284 2308 auctor
306 2243 587 2308 Schurtfleisohius
611 2267 679 2308 esse
703 2245 837 2323 ridetur,
862 2268 956 2328 quem
972 2247 1117 2328 sequitur
1133 2245 1235 2310 Hein-

173 2368 300 2433 richius.
347 2371 448 2434 Addit
482 2371 532 2433 hie
552 2370 586 2449 ¹),
621 2370 745 2433 laudari
778 2368 969 2433 alurenale
993 2375 1115 2452 poetas,
1138 2372 1166 2433 si
1189 2371 1236 2434 le-

173 2494 320 2561 ctionem.
355 2517 425 2576 quae
454 2500 501 2558 est
525 2496 551 2558 si
575 2496 710 2578 quando.
736 2495 938 2572 retineamus
961 2495 1044 2577 quod
1068 2495 1237 2558 consilium

172 2615 330 2681 luvenalis
355 2641 423 2681 esse
447 2624 554 2704 negat.
594 2617 678 2681 Nam
702 2619 729 2681 si
751 2641 807 2700 pro
823 2618 873 2681 his
889 2620 994 2682 verbis
1011 2618 1113 2681 altera
1129 2619 1236 2694 lectio,

173 2763 244 2824 quae
280 2750 328 2805 est
352 2765 447 2825 quam
471 2744 606 2826 quando.
630 2743 827 2818 admittatur,
851 2743 950 2805 multo
974 2742 1141 2806 meliorem
1165 2743 1238 2807 fieri

174 2867 366 2929 sententiam
390 2869 568 2930 contendit:
604 2868 709 2929 omnia
733 2872 798 2929 tam
821 2868 935 2929 misere
960 2867 1114 2944 evenisse,
1138 2890 1239 2950 quam

174 2989 259 3072 apud
293 2994 403 3072 poetas
427 2991 506 3074 tingi
530 2991 662 3055 soleant.
708 2989 781 3055 Nou
805 2991 938 3054 multum
961 2992 1107 3068 interest,
1132 3014 1239 3074 quan·

173 3118 241 3176 tum
268 3136 329 3198 ego
352 3114 454 3180 rideo.
478 3114 561 3176 inter
583 3114 665 3178 hanc
689 3120 721 3177 et
744 3115 832 3177 illam
855 3116 1056 3177 sententiam.
1101 3113 1166 3189 Qui
1190 3116 1241 3180 le·

173 3238 310 3301 ctionem
332 3238 360 3301 si
375 3238 502 3320 quando
517 3238 664 3307 retinent.
681 3240 726 3302 sic
742 3239 845 3302 locum
862 3239 1037 3320 explicant:
1063 3239 1132 3302 eius
1148 3242 1242 3305 modi

172 3363 371 3426 calamitates
395 3364 478 3444 apud
496 3368 608 3446 poetas
624 3364 784 3448 legantur.¹
801 3386 873 3427 cum
888 3368 1097 3446 tempestates
1114 3365 1243 3430 descri-

173 3487 262 3551 bunt.
308 3485 369 3561 Qui
393 3486 526 3550 alteram
548 3486 716 3550 lectionem
739 3488 924 3570 praeferunt.
947 3488 982 3550 in
1003 3487 1090 3551 huuc
1106 3491 1245 3555 modum

173 3632 282 3674 versus
320 3611 588 3693 interpretantur:
625 3611 823 3674 calamitates
858 3611 976 3675 Catulli
1010 3613 1093 3676 tales
1133 3621 1244 3693 erant,

173 3735 283 3817 quales
318 3758 337 3798 a
372 3736 474 3818 poetis
508 3736 632 3798 muniri
665 3736 777 3799 solent.
823 3734 887 3799 Cur
908 3759 988 3820 opus
1011 3741 1060 3800 est
1083 3740 1246 3804 emenda-

284 3964 304 4031 Ἴ
323 3965 456 4018 Humani
474 3965 494 4018 l.
514 3965 532 4017 l.
551 3965 586 4017 ll.
604 3982 632 4032 p.
651 3966 712 4018 444.
