2828 4612
557 302 805 382 —19-,

111 478 319 555 Lachmanni
356 501 426 561 quae
461 482 509 542 est
543 501 619 542 cave
654 479 707 558 aia,
733 482 802 544 orta
825 485 874 544 est
897 504 913 545 e
937 483 1033 546 verbo
1057 485 1170 562 caucia,

111 605 195 685 quod
219 603 315 666 etiarn
338 604 370 666 in
395 604 461 668 cod.
486 603 521 666 P.
546 603 715 669 invenitur.
754 604 836 668 Tum
852 607 1054 671 scribendum
1070 615 1170 674 esset:

201 776 360 837 iivendum
382 782 461 838 recte
486 783 530 838 est
554 799 621 838 cum
644 784 766 856 propter
789 782 926 856 plurima,
951 787 1017 841 tum
1039 785 1083 842 his

201 887 347 961 praecipue
372 887 476 957 causis,
501 889 536 944 ut
559 888 678 963 linguas
702 889 917 963 mancipiorum
941 893 997 948 oet.

49 1082 51 1089 γ
113 1048 159 1111 Re
194 1071 269 1112 vera
307 1048 526 1113 Heinrichium
550 1050 595 1112 ita
619 1051 757 1114 scribere
781 1051 941 1128 videmus3
965 1052 1071 1117 hiatus
1095 1076 1171 1119 vero

112 1174 144 1235 in
168 1173 279 1236 ultimo
303 1175 383 1257 pede
407 1198 436 1239 v.
463 1175 525 1257 118
550 1175 604 1238 vix
628 1175 705 1238 ferri
728 1180 843 1258 potest.
882 1176 967 1241 Nam
990 1180 1058 1242 iure
1083 1202 1170 1263 quae·

112 1298 219 1375 rimus,
255 1320 316 1381 quo
351 1300 443 1363 modo
477 1301 642 1382 productio
676 1302 820 1365 vocabuli
851 1306 918 1365 tum
942 1303 974 1365 in
998 1302 1056 1368 hoc
1079 1303 1170 1368 hiatu

107 1424 211 1504 'possit
235 1423 397 1505 explicari.
443 1421 480 1486 Id
503 1424 604 1488 nescit
630 1425 844 1504 Heinrichius‚
868 1428 923 1490 sed
947 1427 1045 1491 nihilo
1066 1428 1171 1492 minus

111 1546 194 1610 hanc
229 1548 397 1611 lectionem
432 1549 558 1614 retinet.
604 1549 644 1615 V.
683 1551 745 1615 123
780 1555 944 1634 suspectus
969 1557 1016 1616 est
1038 1556 1171 1636 propter

111 1672 189 1734 illud
230 1673 351 1735 animas
389 1673 473 1737 farre
513 1677 547 1746 et
584 1696 646 1738 aere
686 1677 853 1742 custodire.
910 1670 1048 1762 Pinzger
1066 1677 1089 1759 ¹)
1124 1678 1169 1742 sic

112 1797 241 1861 scribit:

199 1973 358 2031 vivendum
381 1980 460 2032 recte
483 1979 547 2032 tum
571 1972 694 2049 propter
717 1976 855 2051 plurima,
879 1979 945 2033 tum
967 1977 1011 2034 his

199 2080 347 2154 praecipue
371 2082 475 2152 causis,
500 2087 535 2139 ut
557 2082 674 2158 linguas
697 2082 913 2156 mancipiorum

200 2191 385 2245 contemnas:
411 2208 478 2245 nam
502 2188 605 2263 lingua
628 2188 700 2245 mali
722 2207 790 2263 pars
814 2188 940 2263 pessima
964 2190 1050 2267 serui.

112 2350 157 2412 At
192 2372 262 2432 quae
297 2354 370 2412 sunt
404 2350 454 2412 hae
491 2353 615 2411 causae?
650 2348 723 2413 Una
757 2353 883 2412 tantum
905 2351 1102 2415 nominatur:
1136 2356 1170 2416 ut
1197 2371 1201 2382 ·

112 2474 238 2557 linguas
282 2474 509 2556 mancipiorum
548 2476 739 2537 contemnas
802 2471 938 2537 Omnino
976 2474 1079 2538 locum
1117 2477 1171 2538 vix

112 2599 287 2661 sanandum
310 2601 395 2682 puto,
420 2598 482 2661 nisi
505 2598 634 2661 remotis
658 2621 707 2662 vv.
735 2599 919 2662 120-123.
962 2597 1071 2663 Oausae
1096 2623 1171 2684 gra-

110 2723 213 2786 viores
250 2724 413 2800 accedunt,
449 2724 476 2786 si
510 2724 655 2798 internae,
684 2745 755 2806 quae
780 2723 937 2802 dicuntur,
961 2727 1043 2787 notae
1068 2725 1171 2788 consi-

112 2848 271 2910 derantur.

216 2973 301 3038 Nam
336 2975 363 3037 si
397 2995 504 3037 omnes
539 2996 589 3036 vv.
621 2972 795 3036 118—123
821 2996 839 3035 a
861 2970 1012 3035 Iuvenale
1037 2973 1170 3057 scriptos

112 3103 268 3179 putemne,
292 3121 354 3162 non
377 3100 457 3164 benc
483 3099 638 3182 congruit,
663 3100 816 3180 quantum
840 3118 900 3180 ego
924 3097 1025 3174 video,
1046 3120 1083 3160 ea
1099 3120 1170 3161 sen·
1258 3103 1260 3107 ’

112 3224 221 3298 tentia,
258 3246 327 3316 quae
362 3228 410 3287 est
431 3247 481 3288 vv.
508 3224 693 3299 leo-121,
718 3243 790 3284 cum
814 3243 944 3303 eaquae
970 3224 1018 3284 est
1042 3245 1069 3284 v.
1097 3221 1170 3286 119.

112 3347 211 3413 Recte
246 3349 414 3413 vivendum
451 3351 499 3410 est
534 3369 605 3410 cum
630 3349 762 3438 propter
784 3345 932 3429 plurima,
956 3349 1025 3408 tum
1047 3345 1099 3408 vel
1122 3346 1171 3408 id·

112 3476 206 3553 circo,
231 3478 266 3536 ut
288 3472 431 3557 linguam
456 3472 539 3535 servi
563 3475 763 3536 contemnere
787 3470 897 3553 poesia.
939 3468 1075 3533 Proinde
1099 3470 1169 3534 vive

112 3603 197 3663 recte
223 3603 254 3661 et
278 3602 441 3662 contemne
466 3596 549 3660 servi
572 3595 724 3680 linguam.
762 3594 873 3679 Pergit
896 3592 1063 3658 Naevolus:
1088 3616 1171 3676 prae·

113 3726 203 3807 cipue
239 3746 325 3801 cave,
361 3725 396 3785 ut
430 3722 575 3805 linguam
599 3720 684 3803 servi
710 3723 904 3783 contemnas,
950 3717 987 3781 Id
1010 3739 1086 3782 vero
1110 3718 1171 3781 viri

222 3955 241 4023 ¹)
262 3956 378 4008 szanu
397 3954 415 4007 l.
435 3954 454 4007 l.
473 3972 499 4022 p.
520 3953 562 4006 11.
