2828 4612
604 280 797 343 -138-

173 458 241 519 est?
276 450 309 518 Si
345 477 452 518 omnes
488 455 511 517 ii
546 477 663 533 versae,
699 455 754 538 qui
781 456 954 519 orationem
980 456 1115 538 quodum
1140 457 1228 520 modu

148 644 149 651 ,
173 581 405 664 interrumpere
438 582 615 658 rideantur,
651 605 669 643 a
693 579 843 645 Iuvenale
867 582 1130 660 abiudicar'emus,
1153 604 1229 665 opus

174 727 263 788 aeque
287 706 490 787 ‚laboriosum
525 706 667 787 profecto
691 727 727 768 ne
750 705 862 769 inutile
886 706 1129 789 susciperemus.
1176 705 1230 784 At,

173 831 282 893 dieunt
317 832 372 912 qui
404 830 459 894 hos
483 853 591 894 versus
616 830 731 907 delent,
756 831 833 893 ferri
856 853 920 893 non
943 835 1046 913 potest
1069 853 1107 894 ea
1132 853 1231 914 oppo-
1301 918 1303 925 4

172 955 256 1033 sitio,
274 976 344 1037 quae
362 958 410 1017 est
430 955 513 1018 inter
529 955 711 1039 Aegyptum
731 960 762 1019 et
778 955 951 1048 Canopum.
986 954 1029 1017 lis
1046 956 1230 1039 respondeo,

173 1101 236 1142 non
271 1080 454 1163 Aegyptum
490 1082 522 1142 et
557 1078 716 1162 Canopum
753 1081 807 1142 sed
843 1081 1013 1143 barburonr
1047 1081 1175 1143 turbam
1200 1083 1231 1142 et

173 1204 349 1267 luxuriosos
385 1204 555 1286 Canopitae
591 1205 674 1267 inter
708 1226 740 1266 se
772 1205 897 1287 opponi.
944 1205 1032 1279 buon
1057 1205 1135 1267 dicit
1158 1202 1232 1267 Pul-

173 1329 254 1391 mius
279 1328 332 1408 (ad
356 1353 405 1393 vr.
430 1328 585 1410 nil-48),
607 1329 692 1391 credi
709 1351 771 1392 non
788 1305 889 1412 posse,
907 1328 1047 1392 borniues
1064 1329 1138 1392 vino
1154 1329 1233 1393 adeo

173 1454 302 1517 obrutos
338 1455 377 1518 ab
410 1455 531 1536 impetu
566 1454 741 1517 ieiunorum
778 1454 830 1516 diu
854 1453 1039 1536 fortiterque
1064 1475 1097 1516 se
1123 1453 1233 1517 defen-

173 1579 267 1653 disse,
292 1601 353 1641 non
378 1579 525 1640 dicuntur
545 1578 568 1640 ii
585 1579 665 1641 ebrii
682 1578 793 1651 fuisse;
817 1577 877 1640 lroc
894 1581 1017 1641 tantum
1032 1577 1111 1640 dicit
1127 1581 1233 1660 poeta,

172 1702 354 1785 Tentyritas
394 1701 520 1765 facilem
559 1702 722 1764 victoriam
759 1724 791 1764 se
827 1706 1041 1784 reportaturos
1076 1724 1232 1784 sperasse,

173 1848 245 1899 cunr
270 1825 413 1889 Ombitas
437 1807 626 1889 temulentos
651 1848 718 1888 esse
743 1827 956 1909 opinarentur.

280 1950 355 2012 Alia
390 1950 589 2032 parenthesis
623 1973 673 2013 vv.
711 1953 837 2014 69—71
864 1951 1033 2027 invenitur,
1058 1973 1155 2033 quam
1180 1952 1235 2034 qui

172 2073 290 2158 legerit
324 2075 390 2137 sine
424 2074 488 2136 ulla
524 2075 719 2138 dubitatione
754 2075 884 2137 laudare
918 2076 1045 2157 poterit.
1096 2072 1135 2157 ln
1171 2097 1235 2158 qua

173 2221 281 2261 rursus
315 2204 408 2282 poeta
444 2199 554 2261 eodem
589 2221 650 2281 quo
678 2203 725 2261 tot
748 2199 819 2261 aliis
842 2199 919 2262 locis
943 2200 1035 2262 modo
1060 2200 1097 2262 de
1122 2200 1235 2262 invisis

109 2363 111 2367 Α
173 2323 293 2387 Graecis
318 2324 494 2397 cavillatur,
520 2346 591 2386 nam
615 2327 650 2386 ut
675 2324 819 2405 exempla
844 2346 883 2385 ex
906 2323 965 2386 hac
989 2327 1113 2386 tantum
1135 2325 1237 2387 satira

174 2471 343 2526 sumamus
376 2472 426 2513 rv.
464 2449 504 2512 13
539 2469 607 2530 sqq.
644 2470 681 2510 ea
705 2447 886 2525 irridentur,
915 2470 984 2530 quae
1009 2450 1047 2511 de
1072 2448 1237 2512 erroribus
1283 2494 1286 2507 ,

173 2573 278 2638 Ulixis
302 2574 444 2637 narravit
467 2574 634 2649 Homerus
660 2574 748 2636 cuius
772 2577 874 2655 poetae
900 2572 1039 2635 carmina
1064 2573 1161 2635 etiam
1184 2596 1236 2636 vv.

175 2702 216 2762 65
253 2721 320 2781 sqq.
346 2699 480 2761 strictim
505 2699 722 2781 attinguntur3
747 2698 841 2780 paulo
865 2697 948 2760 infra
972 2703 1014 2773 (v.
1040 2697 1116 2778 117)
1140 2694 1239 2761 Iuve-

173 2824 253 2886 nalis
289 2845 322 2885 se
358 2821 549 2884 carminibus
584 2821 765 2907 Graecorurn
802 2825 967 2903 poetarum
990 2843 1058 2884 non
1081 2843 1240 2906 magnam

175 2948 270 3009 fidem
306 2946 422 3009 habere
451 2946 564 3009 iterum
589 2947 764 3028 profitetur.
812 2945 876 3008 Cfr.
900 2943 958 3008 Vl.
983 2946 1170 3025 643-644,
1196 2945 1238 3010 Χ.

176 3073 239 3135 173
275 3083 333 3135 cet.
381 3070 429 3133 De
466 3094 502 3133 ea
525 3070 718 3153 parenthesi,
744 3093 813 3152 qnae
839 3074 887 3132 est
910 3093 960 3134 vv.
985 3070 1126 3147 84-87,
1151 3070 1240 3134 iudi-

173 3198 258 3259 cium
281 3218 425 3259 severum
449 3199 481 3258 et
503 3194 700 3259 Ribbeckius
724 3198 756 3257 et
776 3194 940 3276 Kemplius
958 3194 1113 3270 fecerunt,
1130 3216 1240 3278 neque

174 3324 282 3384 tamen
317 3324 402 3383 recte
438 3321 587 3396 iudicant,¹
624 3320 656 3381 id
691 3319 774 3402 quod
809 3317 1132 3409 Palmirm,0stendit‚
1163 3341 1242 3383 cum

174 3448 282 3508 contra
313 3444 525 3507 Ribbeckium
550 3445 664 3518 adfert,
689 3447 813 3525 poetam
838 3466 867 3506 v.
894 3444 941 3505 86·
958 3464 1022 3505 non
1045 3442 1156 3525 ignem
1182 3446 1241 3507 sed

173 3569 341 3632 Volusium
377 3567 583 3651 Bithynicum
618 3567 745 3649 alloqui,
777 3570 885 3631 contra
909 3567 1091 3650 Kempfium
1116 3571 1241 3646 monet,

173 3695 272 3757 verba
302 3696 404 3776 poetas
430 3697 471 3768 (v.
496 3674 551 3774 br)
576 3692 788 3755 acerbissimae
813 3691 968 3754 irrisionis
992 3691 1087 3776 plena
1111 3712 1184 3754 esse
1205 3692 1241 3774 1).

284 3959 303 4028 ¹)
316 3962 399 4034 'Pnun
418 3959 435 4011 l.
456 3960 473 4012 l.
493 3978 519 4027 p.
540 3960 563 4011 8.
