2828 4612
52 99 147 180 quod
174 99 331 161 causalem
352 99 617 182 significationem
633 121 692 160 non
711 97 840 176 habere,
857 99 1012 161 sedidem
1030 103 1125 182 atque

55 223 192 306 aliquod
227 223 342 299 valere,
378 223 482 287 facere
517 246 580 286 non
604 245 740 305 possum,
765 224 842 306 quin
865 224 924 286 hoc
948 227 1033 286 certe
1057 224 1125 287 loco

54 346 152 410 illam
189 348 362 425 meliorem,
398 348 480 430 quod
516 348 571 425 ait,
606 348 774 411 lectionem
811 349 900 412 codd.
937 368 960 407 ω
996 349 1126 411 minoris

56 472 228 535 aestimem.
265 469 363 536 Immo
388 473 481 554 plane
498 493 626 535 necesse
642 446 884 551 adlectionem,
902 496 972 556 quae
990 477 1037 536 est
1053 495 1125 556 quc,

58 587 214 675 retinere,
237 602 272 660 ut
286 620 337 660 vv.
355 599 485 661 53-54
501 598 586 660 inter
602 619 634 660 se
652 597 834 661 cohaereant
850 602 881 661 et
897 601 932 660 ut
947 621 975 661 v.
994 599 1035 661 54
1053 620 1127 662 eau-

59 743 130 784 sam
148 721 238 801 nobis
255 723 408 804 praebeat,
425 743 481 784 cur
498 722 685 804 improbitas
698 723 752 784 illo
765 745 831 786 aevo
844 723 1006 786 rarissima.
1018 723 1123 786 fuerit.

62 844 167 908 Poeta
191 846 274 908 enim
292 846 395 909 dicere
412 847 490 924 vult,
507 847 743 929 improbitatem
760 848 903 930 ignotam
920 847 1026 914 fuisse.
1045 849 1127 929 quod

62 970 145 1033 alter
181 971 316 1033 alterum
351 993 473 1034 summa
505 972 685 1035 reverentia
708 975 961 1054 prosequeretur.
1009 971 1042 1035 Si
1066 995 1127 1055 quo

64 1095 231 1170 obicimus,
256 1094 336 1158 miro
359 1097 450 1158 modo
474 1119 503 1160 v.
530 1098 570 1158 54
594 1097 827 1178 praecedentem
850 1117 976 1158 versum
997 1097 1126 1179 excipit.

174 1218 234 1283 Vv.
254 1221 383 1284 60—70
401 1221 630 1284 abundantiam
645 1221 803 1303 quandam
820 1220 949 1298 habent,
963 1222 1017 1284 sed
1031 1244 1125 1304 quam

63 1348 166 1427 poetae
203 1345 378 1408 condonare
412 1346 578 1427 possimne,
603 1367 675 1408 cum
698 1345 802 1409 iocoso
825 1367 942 1428 genere
967 1346 1126 1410 scribendi

63 1472 183 1545 ututur,
208 1491 310 1552 neque
335 1472 382 1531 est
406 1492 462 1533 cur
485 1469 681 1534 Ribbeckius
700 1469 723 1552 1)
747 1467 1126 1534 vv.120-123sat.11.

64 1593 157 1676 quasi
181 1594 326 1657 meliores
351 1616 422 1657 cum
446 1595 508 1657 illis
533 1596 692 1669 conferat;
716 1594 798 1658 ham
815 1595 927 1658 saltem
944 1595 1125 1659 libertatem

18 1788 21 1793 ¹
61 1721 169 1801 poetae
206 1719 415 1797 concedimus,
451 1723 486 1782 ut
521 1742 687 1782 nnmerum
722 1742 869 1783 versuum
904 1742 959 1783 suo
995 1721 1128 1784 arbitrio

62 1846 183 1926 augeat
202 1844 412 1906 deminuatve.
442 1843 603 1906 Praeterea
619 1867 669 1907 vv.
689 1846 818 1907 to--to
834 1845 958 1907 molesti
975 1867 1037 1906 non
1054 1850 1126 1906 sunt

61 1971 120 2029 aut
154 1967 268 2030 iisdem
303 1968 496 2051 imaginibus
520 1969 645 2050 repleti,
670 1971 702 2030 et
725 1970 808 2051 quod
833 1971 872 2031 ad
898 1969 1126 2032 abundantiam

59 2092 156 2181 illam
190 2115 208 2155 a
236 2091 413 2156 Ribbeckio
448 2093 660 2176 vituperatum
685 2094 808 2171 attinet,
834 2094 918 2175 apud
942 2091 1124 2157 Iuvenalem

61 2239 103 2280 ea
127 2239 211 2300 saepe
236 2219 381 2281 occurrit.
430 2217 494 2283 cfr.
518 2215 578 2282 ΠΙ.
603 2219 744 2296 26-33,
768 2217 807 2281 Χ.
833 2220 1007 2282 aad-232
1032 2218 1073 2282 al.

173 2338 210 2404 In
233 2342 281 2415 iis,
307 2363 377 2424 quae
398 2366 448 2406 vv.
468 2344 617 2406 71—119
636 2343 845 2421 continentur,
863 2342 964 2406 multa
980 2343 1126 2425 exempla

22 2481 25 2488 '
60 2465 232 2530 rhetoricae
257 2464 416 2530 luvenalis
441 2467 616 2550 disciplinae
632 2468 786 2540 videmus,
804 2489 874 2550 quae
892 2468 1038 2550 exempla
1055 2490 1125 2530 cum

62 2592 137 2655 aliis
161 2591 237 2654 Iocis
260 2592 323 2654 iam
348 2592 643 2665 exarninaverimuS,
663 2614 746 2655 nunc
763 2593 872 2674 paucis
889 2596 1010 2655 tantum
1030 2593 1126 2655 attin-

61 2738 188 2801 gemus
224 2714 263 2778 V.
291 2718 330 2779 72
355 2717 501 2779 transitio
522 2717 558 2778 fit
574 2738 632 2798 per
651 2717 827 2794 formulam,
845 2738 915 2798 quae
933 2722 981 2779 est
997 2718 1072 2799 quid
1089 2719 1126 2781 si.

63 2840 132 2904 Cfr.
157 2837 246 2902 VIII.
274 2841 462 2904 raa-184:
553 2914 556 2919 p

175 2988 244 3062 quid
269 2989 292 3045 si
316 3009 478 3062 numquam
503 2989 575 3046 adeo
600 2989 691 3046 foedis
716 2988 847 3062 adeoque
870 2989 1014 3062 pudendis

173 3095 286 3151 utimur·
310 3095 457 3169 exemplis,
482 3100 517 3152 nt
540 3114 599 3152 non
622 3096 721 3170 peiora
744 3095 913 3168 supersint?

63 3212 221 3330 Utroque
244 3248 312 3311 Ioco
346 3248 551 3330 amplificatio
575 3252 632 3311 est.
679 3247 718 3311 V.
745 3248 785 3310 76
810 3248 894 3311 idem
918 3249 996 3310 illud
1020 3248 1126 3330 aspice

64 3373 264 3449 otl'eudimuS‚
300 3373 384 3454 quod
418 3371 550 3436 veibum
586 3376 756 3454 usurpatur
790 3373 886 3435 etiam
921 3370 960 3434 V.
986 3374 1037 3449 80,
1065 3369 1123 3434 VI.

178 3601 196 3666 ¹)
216 3603 335 3654 annucu
355 3602 372 3653 l.
393 3602 410 3653 l.
430 3619 456 3669 p.
477 3601 519 3654 34,
