2828 4612
616 301 787 364 -68-

330 483 442 540 interea
466 482 550 540 foeda
574 483 716 558 adspectu
740 484 921 560 ridendaque
944 487 1039 544 multo

331 608 406 664 pane
429 592 526 646 tumet
549 589 637 648 facies

90 823 93 827 .
173 757 351 824 (351111.
386 759 569 824 155-157.
616 761 691 836 (lua¹
710 761 897 826 similitudo
928 763 1060 827 fortuita
1084 784 1153 826 esso
1176 763 1229 826 rix

172 884 286 967 potest.

260 990 384 1071 'Etiam
409 1032 500 1073 usum
523 1007 763 1073 luvenalianum
786 1033 843 1093 per
866 1011 1065 1094 particulam,
1089 1032 1161 1095 quae
1183 1014 1230 1074 est

174 1155 260 1218 ergo,
285 1156 322 1196 55
345 1156 415 1216 quae
440 1138 676 1197 antecesserunt
699 1134 789 1216 quasi
814 1134 1102 1217 comprehendendi
1122 1135 1155 1199 in
1172 1134 1230 1200 hoc

173 1259 302 1342 prologo
337 1260 536 1343 agnoscimus
571 1257 613 1339 (v.
649 1260 713 1334 211.
760 1258 990 1343 Bergmueller‚
1026 1259 1081 1341 qui
1110 1260 1148 1323 de
1171 1280 1230 1323 usu

172 1383 265 1446 huius
288 1383 452 1465 particulae
477 1383 618 1464 disputat
635 1383 670 1465 ¹),
694 1387 792 1467 negat
806 1383 840 1445 in
856 1382 914 1446 hoo
931 1405 1023 1447 versu
1039 1383 1230 1466 particulam

172 1508 328 1572 rhetorice
344 1508 500 1590 usurpari,
516 1510 551 1570 ut
567 1507 730 1571 exordium
747 1507 851 1571 satirae
873 1486 1086 1572 concludatur.
1120 1507 1229 1587 Recte,

174 1633 249 1716 quia
273 1633 437 1695 exordium
460 1654 559 1714 usque
584 1633 675 1696 adv.
701 1634 741 1695 56
766 1633 914 1714 pertinet,
931 1634 987 1695 sed
1002 1654 1105 1696 nonne
1122 1632 1230 1697 rheto-

173 1757 237 1819 rice
262 1757 359 1819 etiam
382 1756 528 1838 usurpari
551 1761 664 1838 potest,
688 1757 743 1820 ubi
759 1757 791 1818 in
808 1757 912 1820 media
928 1757 1069 1820 oratione
1086 1755 1229 1820 invenia-

173 1867 235 1956 555,
271 1881 344 1943 dum
379 1881 470 1943 modo
505 1883 624 1943 certam
659 1885 783 1963 partem
813 1881 919 1944 satine
943 1881 1033 1963 quasi
1056 1883 1229 1964 repetendo

175 2004 341 2068 concludat
375 2005 474 2079 (velut
508 2002 580 2067 Vll.
618 2007 703 2082 1711,
740 2007 774 2067 55
803 2006 949 2068 transitio
973 2006 1087 2068 deinde
1110 2006 1168 2068 fiat
1191 2007 1230 2070 ad

175 2150 222 2208 55,
248 2150 317 2210 quae
342 2133 452 2211 postea
477 2129 698 2211 disputantur?
1196 2131 1209 2145 '

280 2250 491 2338 Interrogatio
525 2253 580 2316 illa
614 2251 830 2332 1555556555,
867 2255 904 2317 de
933 2276 996 2336 qua
1018 2276 1121 2318 sermo
1145 2277 1229 2338 saepe

174 2377 244 2457 fuit,
273 2400 379 2441 rursus
402 2401 431 2442 5.
456 2378 497 2442 36
522 2379 667 2442 occurrit.
713 2378 774 2442 Vr.
800 2379 929 2441 52-53
953 2379 1058 2441 irrisio
1083 2381 1132 2441 555
1156 2400 1230 2463 gra-

174 2503 313 2581 vissima,
350 2503 377 2566 ei
412 2525 474 2566 non
509 2503 680 2580 dissimilis
716 2525 786 2585 quae
821 2502 939 2586 legitur
973 2499 1016 2565 ll.
1046 2503 1230 2569 137—138.

174 2625 369 2691 Ribbeckius
404 2627 598 2709 pronomine,
634 2627 717 2709 quod
752 2629 800 2689 est
832 2627 925 2711 idem,
951 2640 1022 2689 curn
1046 2629 1230 2709 pronomine

175 2751 370 2813 demonsttra
373 2751 431 2829 ivo,
456 2751 538 2833 quod
562 2754 610 2813 est
596 2750 694 2828 thio,
719 2751 884 2814 coniuncto
866 2749 962 2831 o(vv.
981 2752 1017 2813 21
1026 2753 1107 2832 2,51
1131 2753 1231 2816 offen-

176 2874 222 2936 dit
208 2879 260 2937 tur
275 2873 311 2955 2.)
358 2873 450 2937 Hanc
473 2898 548 2939 vero
570 2876 748 2938 iuncturam
772 2876 854 2957 apud
878 2873 1061 2938 Iuvenalem
1086 2878 1232 2941 crebram

175 3021 243 3062 esse
275 3003 307 3061 55
341 2999 374 3061 in
402 2999 559 3081 prioribus
582 2999 688 3062 satiris
712 2999 799 3062 5555
822 3022 877 3082 pos
879 2999 1059 3077 5555551555,
1083 2998 1232 3065 Weiseus

175 3124 319 3186 omnibus
358 3124 511 3206 exemplis
550 3124 655 3186 allatis
693 3124 769 3186 satis
809 3124 944 3186 dilucide
985 3124 1232 3208 demonstrati),

175 3244 287 3329 Neque
312 3249 465 3329 estquod
489 3270 560 3310 cum
583 3248 758 3313 Ribbeckio
782 3248 1024 3311 declamatorem
1041 3248 1132 3312 illum
1147 3250 1233 3340 vituf

175 3394 331 3454 55555555,
356 3373 439 3454 quod
461 3373 565 3435 adres
582 3376 688 3456 gestas
704 3376 847 3436 ueterum
862 3373 995 3435 heroum
1012 3376 1044 3435 55
1060 3372 1233 3437 illustrium

174 3496 323 3575 virorum,
341 3494 509 3578 ¹tamquam
532 3497 559 3560 si
582 3498 758 3561 doctrinam
781 3499 938 3580 copiosam
962 3502 1122 3563 ostentare
1142 3499 1233 3579 velit,

175 3683 364 3690 ——--

287 3797 626 3940 ’1Β555555555111ρΙ
648 3800 689 3852 12

285 3885 510 3954 911155555511
513 3907 582 3957 ..pp
602 3889 715 3942 90-91.

285 3974 456 4044 ³)Wu1snl
476 3977 494 4029 l.
514 3995 559 4046 pp
579 3978 645 4039 36-
650 3980 693 4032 37.
