2828 4612
557 304 730 367 „49-

109 478 319 543 describeret.
358 479 390 542 Si
415 481 485 562 quis
509 479 608 564 igitur
631 501 717 564 aegre
736 482 808 557 fert,
825 482 909 563 qued
925 479 1060 544 Romani
1077 482 1171 544 duces

113 607 199 671 inter
221 604 347 669 Graecos
371 607 403 667 et
427 605 577 668 barbaros
599 604 826 683 desiderentur,
851 608 1015 668 contentus
1031 606 1082 684 sit,
1100 627 1172 668 cum

114 731 192 794 duos
217 752 254 793 ex
278 731 326 805 iis,
351 751 412 793 non
430 730 521 793 medo
539 731 622 813 quod
639 730 785 793 militaris
803 730 913 814 gloriae
930 731 1036 812 cupidi
1052 731 1172 793 fuerint

113 877 225 920 verum
260 855 358 917 etiam
392 855 474 936 quod
510 842 550 917 ad
584 855 716 917 nimiam
751 857 878 918 aetatem
901 852 1114 937 pervenerint,
1139 856 1172 919 in

113 980 251 1043 miseriis
275 984 437 1043 versantes
460 979 544 1042 infra
567 980 683 1043 videat.

221 1103 262 1168 V.
300 1105 360 1167 146
397 1128 415 1167 a
449 1103 605 1188 Pinzgere
633 1104 764 1166 reicitur
783 1105 804 1179 ¹)
840 1108 1001 1186 tamquam
1026 1105 1171 1188 frigidus,

115 1233 280 1312 tamquam
315 1229 353 1291 de
388 1229 483 1291 trivio
518 1233 672 1310 sumptus
707 1233 869 1311 tamquam
892 1228 974 1291 nihil
997 1230 1170 1292 continens

110 1352 261 1417 Retineri
294 1356 409 1436 potest,
445 1376 518 1415 uam
551 1351 710 1416 Iuvenalis
734 1376 795 1416 non
818 1356 942 1415 tantum
967 1354 1070 1417 dicere
1094 1355 1173 1435 vult,

110 1479 262 1561 sepulcra
291 1478 407 1541 iniuria
430 1482 608 1560 temporum
632 1478 739 1555 deleri,
763 1500 873 1540 verum
897 1500 934 1541 ea
958 1485 1081 1561 queque
1106 1480 1172 1543 fato

115 1603 254 1667 obnoxia
278 1625 361 1666 esse:

470 1725 532 1781 fata
556 1728 665 1799 regunt
688 1724 818 1781 homines

223 1884 281 1950 Ille
316 1909 425 1950 versus
460 1884 529 1967 (IX.
566 1889 620 1963 32)
648 1886 707 1951 huc
730 1888 799 1951 loce
822 1887 867 1950 sic
892 1888 1113 1970 amplificatur,
1138 1892 1174 1951 ut

114 2011 151 2091 ii,
186 2012 238 2094 qui
274 2012 385 2103 gloriae
421 2012 527 2093 cupidi
551 2012 624 2090 siut,
648 2015 876 2094 postmortem
900 2013 1173 2095 neinsepulcris

115 2136 246 2219 quidem
280 2136 345 2199 suis
380 2136 642 2218 splendidissimis
666 2136 727 2198 tuti
752 2158 819 2198 esse
844 2137 1004 2200 dicantur:
1033 2138 1101 2200 fata
1123 2159 1174 2201 re·

115 2262 199 2344 gunt
232 2260 384 2338 hemines
419 2264 536 2343 regunt
559 2260 655 2322 etiam
680 2264 882 2323 monumenta
907 2283 1023 2325 eorum.
1070 2260 1174 2335 Quare

113 2385 241 2447 vanitas
264 2384 376 2448 horum
401 2385 563 2447 huminum
587 2385 631 2446 sic
655 2384 754 2447 multo
778 2384 880 2468 magis
904 2384 1140 2469 perstringitur.

225 2509 343 2573 Crebra
367 2509 658 2575 subiectimutatie
683 2512 731 2571 est
753 2532 802 2571 vv.
831 2510 1018 2573 rer-153:

367 2684 486 2742 additur
509 2684 637 2758 imperiis
662 2684 814 2758 Hispania,
839 2682 1016 2758 Pyrenaenm

249 2791 389 2849 transilit.
414 2791 552 2866 opposuit
576 2794 684 2848 natura
707 2791 872 2865 Alpemque
897 2790 1067 2864 niuemque:

251 2898 364 2955 diducit
386 2899 522 2971 scopulos
546 2901 576 2954 et
599 2901 729 2954 montem
752 2897 865 2971 rumpit
889 2901 972 2954 aceto

225 3058 324 3123 Nulla
357 3065 465 3123 tamen
492 3061 564 3123 inde
589 3061 780 3143 ambiguitas
805 3060 915 3124 oritur.
962 3056 1028 3122 lter·
1051 3059 1176 3122 Hanni-

113 3184 200 3248 balis
236 3207 275 3247 ex
311 3184 467 3267 Hispania
503 3186 534 3246 in
569 3183 696 3246 ltaliam
720 3185 919 3262 describitur,
944 3185 1000 3247 sed
1024 3185 1175 3247 audacem

113 3309 344 3392 imperatorem
380 3310 446 3372 sine
471 3309 536 3371 ulla
561 3309 745 3371 difficultate
769 3309 940 3389 sequimur,
964 3308 1039 3370 licet
1064 3310 1096 3369 et
1119 3330 1176 3370 na-

116 3436 192 3496 tura
226 3436 266 3508 et,
291 3434 376 3516 quod
400 3432 594 3496 Ribbeclzius
618 3433 807 3495 contendere
831 3432 965 3509 videtur,
990 3435 1084 3514 poeta
1107 3432 1175 3514 ipse

117 3557 215 3621 variis
239 3558 474 3640 impedimentis
497 3580 553 3619 nes
577 3558 685 3619 invia
709 3557 869 3619 retardare
894 3557 1049 3619 studeant.
1088 3553 1175 3619 Nam

48 3752 53 3759 ¹
117 3680 176 3744 illa
208 3682 342 3745 subiecti
366 3682 584 3744 mutationem
608 3681 765 3744 difficilior
788 3685 835 3743 est
859 3703 951 3763 quam
978 3703 1025 3760 ea,
1049 3703 1119 3763 quae
1143 3682 1177 3744 in

114 3806 218 3869 satira
241 3810 330 3869 sexta
354 3830 403 3870 vv.
430 3807 602 3869 595—598
628 3809 813 3887 usurpatur:

278 3932 331 3939 .—

231 3981 250 4049 ¹)
271 3984 387 4035 szaun
405 3983 423 4034 l.
444 3982 462 4034 l.
481 4001 507 4051 1.
529 3983 570 4035 la.
