3062 4808
737 337 930 398 —108—

305 517 400 576 antea
424 513 509 576 diota
532 518 615 590 sunt,
640 513 710 595 quis
733 536 795 576 non
818 513 924 582 videt?
953 511 986 576 Si
1011 515 1196 592 retinentur,
1220 517 1314 594 male,
1339 519 1369 580 si

304 638 381 720 quid
404 639 505 712 video,
531 638 658 701 avitiis
683 641 715 700 et
739 639 898 702 erroribus
923 644 954 702 et
978 643 1065 704 reoto
1089 641 1154 720 illo,
1172 663 1242 723 quae
1259 643 1368 705 omnia

303 763 450 826 universe
477 763 581 844 posita
604 766 686 840 sunt,
712 763 751 825 ad
774 763 926 827 ultionem
950 765 1116 840 transitur;
1152 787 1255 848 neque
1280 768 1369 830 enim

306 888 390 952 belle
427 888 570 964 dicimus
608 888 796 970 sapientiam
820 892 943 952 rectum
967 891 1088 968 dooere,
1113 892 1262 973 quoniam
1285 893 1369 954 ultio

305 1012 419 1074 minuti
455 1013 553 1074 animi
588 1013 639 1077 sit.
685 1011 786 1075 Recto
821 1013 868 1076 illi
899 1015 1014 1096 opponi
1038 1014 1175 1078 debebat
1198 1038 1262 1078 non
1285 1016 1368 1078 ultio

303 1140 437 1215 tantum,
472 1137 527 1200 sed
562 1138 687 1200 omnino
722 1137 875 1220 quidquid
909 1140 1031 1200 reatum
1066 1160 1127 1202 non
1161 1143 1218 1203 est.
1265 1139 1367 1204 Porro

303 1263 445 1338 verbum,
480 1263 563 1344 quod
598 1265 645 1324 est
679 1262 767 1338 ultio,
804 1265 912 1343 aperte
938 1263 1194 1348 coniungendum
1219 1268 1266 1326 est
1290 1287 1366 1328 oum

303 1387 342 1448 iis
376 1387 530 1464 1111111111,
558 1387 590 1448 111
615 1386 728 1468 quibus
753 1386 790 1448 de
815 1384 942 1449 Socrate
968 1387 1084 1469 agitur.
1131 1386 1183 1450 Sic
1207 1390 1368 1471 oppositio

304 1511 473 1572 manifesta
497 1514 534 1586 et
552 1510 721 1574 laudabilis
745 1514 802 1572 est.
849 1509 1046 1573 Ribbeokius
1070 1535 1120 1576 vr.
1148 1512 1320 1576 187-189
1347 1537 1367 1576 a

306 1633 456 1698 Iurenaie
481 1636 642 1698 abindioat
656 1634 690 1715 1),
715 1636 852 1717 primum
876 1637 959 1718 quod
975 1636 1140 1700 molestam
1155 1638 1366 1721 tautologiam

304 1761 501 1824 contineant:
538 1760 675 1842 piurima
710 1760 788 1824 vitia
823 1763 917 1842 atque
952 1783 1072 1824 errores
1108 1783 1224 1824 ornnes.
1276 1762 1366 1837 Quod

303 1877 527 1968 argumentum
562 1885 643 1946 nihil
677 1885 772 1948 vaiet.
818 1883 918 1948 istam
953 1887 1106 1950 sermonis
1137 1888 1366 1952 abundantiam

303 2010 336 2071 in
367 2009 511 2072 omnibus
536 2009 641 2071 satiris
665 2005 889 2086 Iuvenalianis‚
915 2015 947 2073 et
970 2011 1129 2092 prioribus
1154 2017 1185 2074 et
1207 2015 1367 2095 posterio-

303 2135 402 2209 ribus,
419 2135 538 2216 passim
554 2134 699 2212 inveniri,
716 2132 863 2197 Weiseus
879 2136 1048 2198 uberrimis
1065 2137 1217 2218 exemplis
1235 2139 1365 2201 demon·

302 2259 418 2320 stravit
430 2258 466 2340 2).
507 2258 630 2320 Deinde
655 2257 851 2322 Ribbeolrius
874 2282 937 2321 non
961 2259 1068 2337 habet,
1093 2262 1176 2343 quod
1199 2262 1365 2343 sapientiae

302 2386 490 2466 opponatur.
531 2383 630 2446 Recte
655 2384 713 2446 hoc
738 2385 825 2462 (11111,
849 2407 923 2447 nam
947 2386 1079 2448 obseura
1096 2385 1163 2448 sine
1181 2387 1276 2450 dubio
1292 2409 1367 2450 sen·
1410 2367 1413 2375 Ι

301 2509 402 2572 tentia
419 2509 531 2572 horum
547 2531 694 2571 versuum
712 2513 769 2572 est.
804 2508 1033 2572 Gravissimum
1048 2533 1123 2573 vero
1141 2515 1367 2595 argumentum

301 2634 423 2697 omisit:
448 2656 510 2696 non
534 2636 625 2698 modo
648 2635 731 2697 inter
754 2657 787 2697 se
811 2635 893 2697 male
914 2637 1081 2700 convenire
1099 2636 1156 2700 hos
1172 2659 1291 2715 versus
1309 2640 1366 2700 sed

302 2759 398 2821 etiam
423 2758 504 2821 male
530 2759 689 2822 cohaerere
715 2764 746 2822 et
770 2782 841 2822 oum
865 2760 913 2838 iis,
939 2761 992 2842 qui
1018 2763 1218 2840 antecedunt,
1243 2766 1275 2824 et
1291 2785 1367 2826 oum

301 2883 350 2961 iis,
376 2883 430 2965 qui
455 2888 639 2965 sequuntur.

319 2993 327 3027 '
410 3007 524 3070 Restat
548 3032 576 3071 v.
603 3010 682 3073 236:

452 3175 567 3232 mobilis
592 3179 621 3231 et
645 3176 728 3233 varia
753 3179 796 3233 est
820 3177 911 3233 ferme
934 3179 1043 3234 natura
1066 3177 1213 3234 malorum

407 3336 537 3400 Iahnius
562 3360 632 3401 enm
657 3339 797 3421 spurium
822 3343 923 3422 putat,
949 3341 1003 3402 sed
1027 3339 1087 3402 hoo
1112 3341 1142 3402 ei
1165 3341 1295 3404 minime
1313 3363 1366 3404 as·

301 3464 429 3527 sentior.
478 3462 577 3526 Poeta
601 3463 662 3526 hoo
686 3463 754 3527 loco
777 3466 892 3527 transit
916 3466 955 3527 ad
980 3466 1211 3547 exponendum,
1237 3466 1364 3548 qualem

302 3589 421 3651 exitum
446 3589 522 3650 maii
547 3593 578 3651 et
601 3589 716 3670 perfidi
739 3588 880 3652 homines
904 3590 967 3652 sint
990 3589 1141 3654 habituri.
1189 3589 1264 3664 Quae
1290 3613 1366 3672 pars

301 3713 406 3776 satirae
444 3713 500 3776 illo
536 3735 629 3777 versu
665 3715 746 3778 bene
781 3715 950 3778 inducitur.
998 3712 1049 3777 Sic
1084 3718 1179 3795 poeta
1205 3714 1262 3778 VI.
1289 3716 1366 3790 184.

410 3933 430 4001 ¹)
451 3935 570 3988 Rimmon
589 3934 608 3987 l.
628 3934 647 3987 l.
667 3953 693 4003 p.
712 3935 755 3988 44.

411 4020 430 4090 Β)
451 4024 544 4076 Worsn
565 4023 582 4076 l.
603 4024 620 4076 l.
640 4042 685 4094 pp.
706 4025 819 4078 29-34.
