3062 4808
576 360 771 422 -125-

124 555 166 596 ea
192 539 285 608 sunt,
312 557 382 618 quae
406 535 479 598 inde
505 559 523 598 a
546 559 575 601 v.
600 538 641 600 44
665 537 825 620 leguntur,
851 537 964 614 abiis,
989 560 1058 620 quae
1077 541 1203 602 antece-

124 658 223 738 dunt,
264 664 303 723 ut
337 660 387 725 vel
423 661 539 724 omissa
575 662 792 725 coniunctione
828 662 901 724 addi
937 683 999 726 non
1032 663 1203 745 potuerint.

126 783 206 846 Hoc
233 785 337 848 etiam
361 785 399 848 de
424 785 537 848 ceteris
561 785 637 848 locis
662 809 680 848 a
703 784 832 849 Weiseo
855 786 960 850 allatis
983 788 1086 850 valet:
1118 785 1203 852 recte

126 908 213 972 fecit
239 931 317 972 cum
340 910 617 986 animadverteret,
634 910 807 992 particulas
825 910 1019 1008 copulativae
1036 934 1098 976 non
1113 911 1204 976 adhi-

126 1033 214 1112 beri,
243 1035 303 1098 sed
326 1033 386 1097 hoc
410 1034 643 1120 reprehendere
667 1057 730 1098 non
754 1035 873 1099 debuit.

246 1158 422 1222 Manifesta
460 1159 596 1244 vestigia
635 1159 890 1242 amplificationis
929 1183 948 1224 a
986 1157 1135 1224 Iuvenale
1170 1161 1204 1223 in

127 1283 224 1346 vitiis
264 1284 545 1348 commemorandis
581 1287 727 1347 accurate
762 1287 936 1349 observatae
965 1286 998 1348 in
1022 1284 1081 1348 hac
1105 1261 1203 1348 satira

129 1429 217 1486 esse,
259 1407 481 1492 Bergmueller
516 1408 684 1471 contendit.
731 1407 769 1472 ln
803 1413 911 1472 satura
934 1414 1048 1492 quarta
1072 1409 1203 1487 (lecima,

131 1533 258 1616 inquit,
294 1536 387 1615 poeta
416 1556 444 1596 a,
468 1555 497 1596 v.
523 1534 543 1596 4
567 1555 665 1615 usque
690 1535 731 1597 30
756 1535 834 1598 vitia
858 1557 896 1597 ex
920 1534 1011 1597 malis
1035 1537 1202 1617 parentum

132 1659 314 1740 praeceptis
340 1657 485 1740 profecta
509 1658 690 1722 describens
714 1659 872 1742 gradatim
897 1660 937 1722 ad
961 1659 1062 1722 maius
1084 1659 1202 1742 pergit,

131 1804 211 1846 cum
251 1783 285 1844 in
319 1805 369 1846 vv.
406 1784 536 1846 25-30
572 1783 610 1846 de
645 1782 776 1846 libidine
812 1786 843 1846 et
867 1784 1022 1848 adulterio
1045 1784 1203 1868 loquatur.

133 1878 289 1989 Eamque
324 1907 480 1969 rationem
514 1911 602 1970 tenet
637 1931 655 1970 a
689 1931 718 1971 v.
757 1909 818 1972 190
855 1909 1017 1991 explicans
1053 1913 1202 1992 parentes

132 2032 260 2096 liberos
295 2032 334 2094 ad
361 2036 516 2114 quaestum
540 2054 738 2115 quocumque
762 2035 855 2098 modo
879 2034 1066 2116 capiendum
1089 2034 1203 2117 impel-

134 2156 217 2234 lere,
232 2178 316 2237 ‚cum
341 2157 374 2218 in
397 2179 446 2219 vv.
474 2157 647 2220 199—205
672 2159 917 2222 sordidissimam
937 2159 1017 2222 lucri
1034 2159 1118 2222 viam
1134 2159 1203 2222 lau-

136 2283 280 2345 dandam
320 2302 387 2343 esse
426 2286 552 2363 peroret
571 2281 604 2363 ¹).
652 2280 741 2355 Quod
777 2283 814 2345 de
841 2306 891 2346 vv,
918 2283 1091 2347 199—205
1116 2283 1201 2361 dicit,
1241 2253 1244 2272 Ι

135 2406 294 2490 approbo,
330 2407 385 2469 sed
419 2407 452 2468 in
486 2428 536 2469 vv.
573 2407 681 2471 4-30
717 2407 804 2470 illam
840 2407 1118 2489 amplificationem
1141 2429 1202 2471 non

137 2531 279 2608 invenie,
316 2553 387 2593 cum
417 2535 511 2612 poeta
535 2531 575 2593 ab
599 2531 737 2594 aleatore
761 2532 904 2614 incipiat,
929 2532 1042 2596 deinde
1067 2533 1106 2595 ad
1131 2554 1202 2596 eum

138 2658 296 2731 transeat,
332 2655 385 2737 qui
419 2656 574 2737 exquisite
610 2677 723 2719 cenare
759 2656 876 2738 cupiat,
909 2658 991 2739 quod
1015 2657 1081 2720 sine
1107 2657 1202 2721 dubio

138 2781 248 2843 minus
272 2801 370 2863 grave
393 2779 507 2843 vitium
531 2783 588 2843 est.

249 2904 353 2967 Multa
377 2908 451 2966 sunt
474 2904 506 2967 in
531 2904 590 2967 hac
615 2906 712 2968 satira
735 2906 912 2984 sententia,
931 2929 1001 2988 quae
1019 2907 1115 2970 etiam
1132 2906 1202 2970 aliis

139 3028 219 3092 locis
243 3029 448 3091 inveniuntur
471 3050 604 3111 quaeque
625 3031 804 3102 ostendunt,
821 3030 951 3093 satiram
968 3053 1091 3113 quoque
1108 3053 1203 3113 quar·

141 3156 209 3217 tarn
245 3153 399 3216 decimam
434 3176 453 3218 a
487 3150 637 3217 iuvenale
673 3155 879 3237 compositam
908 3177 985 3218 esse.
1033 3155 1095 3218 Eos
1118 3156 1202 3219 locos

141 3278 340 3360 respicimus,
368 3278 422 3341 ubi
446 3282 540 3360 poeta
556 3279 601 3340 de
625 3279 785 3342 illecebris
809 3279 962 3343 malorum
987 3280 1202 3362 exemplorum

143 3403 213 3484 agit
237 3405 269 3465 et
293 3401 330 3465 de
354 3401 393 3464 iis
418 3403 579 3486 gradibus
605 3425 681 3485 quos
704 3403 803 3468 habet
827 3405 1016 3494 corruptela,
1042 3427 1080 3467 ex
1103 3427 1202 3488 parvo

143 3527 236 3590 initio
272 3531 366 3598 orta·
388 3528 501 3590 deinde
536 3529 626 3611 quasi
661 3529 744 3592 vires
781 3533 812 3592 et
846 3530 1042 3592 incrementa
1065 3552 1201 3606 sumena,

144 3656 243 3715 donec
267 3652 395 3716 tandem
419 3652 549 3716 miseros
574 3652 715 3717 homines
739 3655 865 3737 penitus
890 3655 1068 3738 obstringat
1092 3658 1123 3717 ct
1147 3656 1202 3720 de·

143 3776 270 3840 vinciat.
318 3775 451 3840 Causam
477 3777 605 3860 exponit
627 3781 721 3860 poeta
744 3800 794 3841 vv.
820 3780 967 3843 31-33:

254 4039 274 4107 ¹)
295 4042 474 4096 Bencnt'xrmn
494 4043 511 4096 l.
532 4043 595 4111 lp.
617 4044 658 4096 20.
