2828 4612
571 313 610 321 ..
636 279 677 340 23
706 315 739 324 -.

284 467 320 519 iu
342 465 461 541 tantum
485 428 579 520 erucii
603 460 737 535 imprime
761 462 878 518 dentem

125 628 242 690 mirum
265 630 417 708 quantum
438 626 584 690 acerbam
600 625 689 688 illam
705 625 937 689 cavillationem
956 624 1077 706 resipit,
1095 624 1182 687 cuius

121 752 211 834 apud
247 749 429 814 Iuvenalem
464 773 553 831 nsum
578 755 644 813 tam
666 751 730 813 late
755 754 863 833 patere
887 749 1039 824 indemne,
1064 749 1119 812 sed
1143 748 1183 810 ad

127 876 346 939 difficultatem
380 875 554 938 tollendam
587 898 650 939 non
684 875 824 939 sufficit..
854 872 967 957 Neque
1003 874 1096 937 lectio
1130 895 1183 936 co-

122 1000 203 1062 dicia
228 999 282 1064 P.:

246 1151 350 1224 gratus
374 1142 447 1206 eris:
473 1150 507 1205 iu
531 1151 648 1205 tantum
672 1148 766 1205 erucis
790 1147 924 1222 imprIme
949 1148 1065 1218 dentem

122 1333 166 1374 ex
203 1312 357 1395 angustiis
391 1333 447 1375 nos
483 1311 627 1394 expedit3
663 1311 790 1374 obstant
807 1271 911 1373 ¹nihilo
934 1311 1037 1373 minus
1060 1308 1184 1374 Naevoli

124 1437 242 1500 verba:
268 1436 336 1499 haec
361 1436 506 1517 exempla
530 1458 607 1519 para
631 1436 776 1499 felicibus
801 1439 860 1498 cet.

234 1559 465 1624 Cohaerentiam
501 1560 561 1623 viri
585 1560 668 1624 docti
692 1561 746 1623 alii
770 1552 870 1623 aliter
887 1560 1055 1623 defendere
1079 1559 1184 1622 conati

22 1679 25 1684 ’
120 1688 209 1747 aunt.
257 1684 433 1748 Buecheler
452 1685 476 1768 ¹)
500 1708 550 1749 vv.
577 1687 750 1749 133-134
774 1686 819 1748 sic
843 1685 938 1770 legit:

811 1853 887 1910 alter
910 1857 1025 1910 amator

286 1944 390 2015 gratus
415 1940 470 1998 erit

234 2102 323 2178 Quod
358 2104 424 2166 sine
449 2104 544 2167 dubio
567 2105 707 2166 ieiunum
731 2105 879 2167 solatium
904 2107 967 2168 esi:
992 2127 1065 2166 nam
1089 2104 1116 2166 si
1139 2103 1184 2164 aa

121 2228 303 2306 :scribimua
328 2232 423 2309 poeta
446 2226 611 2292 Naevolum
636 2228 814 2291 consolatur
838 2249 892 2308 spe
910 2228 1066 2291 feliciores
1085 2249 1182 2290 aemu-

127 2351 174 2413 los
198 2352 389 2414 inveniendi.

235 2473 397 2538 Schulzius
421 2474 529 2559 legere
554 2473 621 2538 vult
637 2474 680 2557 2):

764 2615 856 2672 altera
880 2615 973 2673 maior

234 2739 299 2797 spes
323 2723 473 2797 superest:
499 2725 533 2778 tu
557 2722 675 2779 tantum
699 2721 793 2781 erucis
817 2722 951 2796 imprime
976 2723 1102 2780 dentem.

232 2830 338 2904 gratus
362 2829 427 2887 eris.
451 2831 487 2886 tu
510 2831 628 2906 tantum
653 2829 747 2887 erucis
771 2829 905 2904 imprime
930 2829 1057 2895 dentem.

234 2935 297 2992 haec
321 2936 452 3010 exempla
475 2955 548 3011 para
572 2935 716 2994 felicibuS.

235 3095 351 3160 Omnes
379 3098 478 3182 igitur
500 3099 653 3162 lectiones
677 3100 766 3162 codd.
792 3101 985 3183 comprobat.
1032 3100 1094 3164 sed
1117 3124 1185 3164 ma·
1257 3121 1259 3124 ⁴

123 3224 184 3283 ‘net
207 3220 263 3282 illa
285 3222 509 3306 interrogatio:
535 3223 609 3306 quid
633 3223 695 3287 sibi
718 3223 786 3288 vult
809 3246 839 3288 v.
862 3223 925 3288 135
942 3224 1023 3306 (haec
1041 3226 1186 3308 exempla

124 3344 204 3426 cet.)
250 3345 412 3410 Schulzius
448 3348 486 3410 de
523 3349 628 3431 gratia
661 3371 787 3433 magnae
816 3350 980 3432 beataeque
1004 3350 1114 3413 amicae
1138 3353 1186 3427 (ut

128 3469 153 3535 I.
191 3471 247 3552 39)
282 3471 422 3554 cogitare
456 3471 590 3551 videtur,
624 3495 696 3556 quae
732 3475 913 3538 coniectura
947 3474 1066 3537 nullam
1095 3474 1185 3538 nobis

238 3692 257 3760 ¹)
278 3694 306 3747 F.
327 3695 481 3748 Boonannn:
510 3693 694 3749 Coniectanea
713 3697 746 3750 de
765 3695 834 3750 Silio
853 3697 984 3751 Iuvenale
1002 3697 1102 3751 Plauto
1122 3697 1186 3750 aliis

128 3781 218 3850 poetis
238 3782 287 3835 lat.
307 3782 376 3836 Mus,
396 3782 482 3836 Rhen.
502 3782 611 3836 XXXV.
631 3784 707 3838 1880.

239 3869 258 3938 ²)
279 3871 322 3924 W.
354 3871 468 3926 Scnnnz:
507 3872 695 3938 Quaestionum
726 3875 969 3929 Iuvenalianarum
1001 3875 1094 3944 capita
1122 3875 1185 3929 tria.

29 4004 32 4009 ,
124 3942 218 4013 Berol.
240 3960 316 4014 1885.
