3062 4808
595 373 788 438 -107-

144 571 246 634 posse
273 550 414 629 tolerari,
439 551 467 614 si
490 553 560 632 post
583 549 688 614 omnia
711 551 768 615 illa
791 551 937 634 exempla
953 550 1132 634 legeretur;
1157 549 1221 612 iam

145 697 228 738 vero
267 697 438 758 perperam
465 675 578 738 fecisse
604 675 795 753 Iuvenalem,
820 697 892 738 eum
915 675 1073 738 nonnullis
1097 677 1221 736 tantum

146 800 315 883 exemplis
351 800 456 863 allatis
492 822 564 863 eum
600 801 785 875 inculcaret,
822 801 936 864 deinde
971 821 1052 863 nova
1076 799 1221 880 exempla

143 928 337 988 monstrare
371 914 533 1008 pergeret.
580 923 688 988 Simile
725 925 877 994 iudicium
913 924 1061 1008 Pinzgeri
1085 926 1146 987 est:
1183 945 1220 985 eo

144 1047 286 1127 clariuS,
322 1049 435 1132 inquit,
470 1049 522 1113 hic
558 1071 666 1113 versus
701 1049 962 1132 interpolatorem
996 1048 1111 1130 prodit,
1147 1048 1221 1130 quia

146 1174 304 1237 madidus
336 1175 437 1238 cirrus
461 1175 492 1236 in
518 1196 635 1237 cornua
657 1178 759 1238 tortus
783 1197 845 1238 non
869 1174 909 1237 ad
932 1177 1079 1236 naturam
1102 1173 1157 1235 sed
1181 1172 1221 1234 ad

147 1304 262 1363 artem
285 1299 426 1382 pertinet
454 1299 477 1380 ).

267 1425 369 1503 Addo,
402 1424 485 1506 quod
509 1446 605 1506 supra
629 1424 705 1500 dixi,
730 1446 820 1506 posse
845 1424 961 1506 respui,
986 1424 1011 1486 si
1036 1429 1144 1487 ¹omnes
1168 1446 1220 1487 eos

147 1571 270 1612 versus
306 1570 454 1632 respuere
490 1548 595 1627 liceat,
632 1549 696 1630 qui,
733 1549 877 1632 quamvis
905 1549 938 1610 111
961 1549 1122 1613 codicibus
1146 1549 1219 1628 sint,

147 1679 268 1737 tamen
302 1674 384 1736 male
420 1673 586 1755 compositi
622 1672 788 1737 videantur
823 1677 918 1756 atque
953 1678 1048 1755 poeta
1079 1668 1219 1757 indigni:

73 1827 77 1835 ¹
147 1799 257 1862 timeo
292 1821 331 1861 ne
367 1799 458 1861 multi
493 1819 600 1861 versus
636 1798 669 1860 in
704 1797 834 1861 dubium
867 1799 1008 1862 revocari
1033 1801 1168 1881 possent,
1193 1798 1220 1860 si

150 1923 215 1986 hoc
242 1922 386 1985 sufficere
410 1925 630 1986 statueremus

267 2046 432 2109 Proximus
455 2069 564 2109 versus
589 2050 637 2110 est
663 2049 741 2111 183:

298 2205 573 2278 quantulacumque
597 2205 670 2261 adeo
694 2208 739 2262 est
762 2205 885 2275 occasi0,
910 2204 1017 2262 sufficit
1040 2203 1091 2260 irae

153 2368 310 2452 Frigidus
345 2389 421 2431 saue
456 2389 575 2445 versus,
603 2367 710 2449 inepte
734 2368 855 2449 positus
879 2367 963 2430 iuter
985 2367 1126 2429 indoctos
1150 2367 1220 2430 illos

156 2492 308 2558 homines
333 2495 374 2570 et,
391 2492 444 2574 qui
462 2492 501 2554 iis
518 2495 728 2574 opponuntur,
745 2513 878 2576 magnos
894 2490 1111 2574 philosophos,
1146 2489 1220 2554 lah·

154 2618 232 2680 nius
257 2639 329 2680 eum
354 2617 449 2695 delet,
474 2615 677 2678 Hermannus
696 2616 824 2693 retinet,
841 2615 959 2678 maiore
976 2615 1054 2692 iure,
1073 2615 1219 2692 arbitror,

155 2742 214 2806 ille
251 2763 346 2824 quam
379 2741 441 2805 hic.
488 2739 703 2819 HeinrichiuS,
728 2741 782 2822 qui
807 2744 854 2803 est
877 2762 943 2804 mos
968 2740 1045 2820 eius,
1071 2740 1221 2803 audacter

157 2868 331 2943 asseverat,
350 2865 538 2928 monachum
555 2865 694 2947 aliquem
710 2865 875 2928 ostendere
888 2864 1035 2943 voluisse,
1049 2887 1082 2927 se
1095 2886 1219 2948 quoque

156 3012 286 3054 versum
310 2988 531 3053 hexametrum
555 3010 742 3071 componere
768 2988 924 3052 didicisse.
1195 3015 1202 3039 2

267 3113 421 3177 Venimus
445 3114 485 3177 ad
508 3136 558 3176 vv.
585 3113 775 3177 187-189:

787 3253 915 3328 plurima
940 3252 1009 3310 felix

319 3360 463 3434 paulatim
487 3359 561 3418 vitia
585 3363 674 3434 atque
699 3378 812 3417 errores
836 3360 918 3418 exuit
941 3377 1050 3428 omneS,

247 3529 251 3540 Ι
320 3466 415 3541 prima
440 3467 525 3524 docet
548 3469 663 3526 rectum
685 3466 829 3541 sapientia

161 3651 238 3712 quos
274 3650 346 3691 cum
381 3627 568 3694 Heinriohio
597 3632 628 3692 et
652 3627 836 3692 Hermanno
861 3628 1030 3692 defendere
1054 3627 1221 3691 noluerim.

160 3752 282 3828 Quibus
316 3752 461 3816 versibus
496 3754 636 3831 remotis
672 3775 767 3836 quam
803 3756 876 3835 apte
904 3752 1078 3816 versiculus
1104 3753 1165 3816 189
1190 3757 1222 3816 et

162 3899 232 3959 quae
256 3880 431 3959 sequuntur
455 3878 551 3940 verba
575 3877 764 3940 conveniant
788 3899 860 3940 cum
883 3876 932 3956 iis,
950 3898 1020 3959 quae
1038 3877 1076 3940 de
1093 3875 1221 3942 Socrate

272 4053 291 4120 ¹)
311 4053 427 4108 Prszeen
446 4054 464 4107 l.
484 4053 503 4107 1,
522 4072 549 4124 p.
570 4053 611 4106 13.
