2828 4612
675 285 847 348 -28-

229 463 264 522 ut
279 460 505 542 probabilitate
522 461 723 543 persuadeas,
752 461 854 554 Quam
864 463 925 526 nisi
939 466 1099 527 assecutus
1112 464 1219 539 fueris,
1233 465 1293 547 qui

229 585 359 647 tandem
382 607 493 648 verum
518 608 535 647 a
558 589 590 648 te
613 585 776 649 inventum
794 608 861 649 esse
878 591 912 649 ut
929 588 1077 650 credatur
1093 588 1297 670 postulabis?

231 764 236 777 .
334 709 549 773 Ribbeokium
581 711 678 773 verba
709 695 777 783 illa,
801 733 870 793 quae
895 711 928 773 in
951 710 1029 774 Vita
1051 709 1098 774 IV
1120 712 1294 797 leguntur:

228 835 262 897 in
297 834 407 898 exsilio
430 835 596 917 ampliavit
620 835 734 913 satiras
758 840 790 897 ct
814 836 964 918 pleraque
989 837 1134 914 mutavit,
1158 837 1294 919 plurimi

230 960 346 1035 facere,
370 960 434 1022 iam
459 959 520 1023 alio
543 960 611 1023 loco
636 961 919 1024 demonstravimus
940 962 972 1042 ¹).
1019 960 1080 1024 Sed
1103 961 1218 1024 mirum
1242 961 1295 1025 vi-

230 1084 330 1162 detur,
357 1084 570 1147 doctissimum
596 1085 696 1151 virum
720 1087 842 1147 tantam
866 1085 930 1148 vim
953 1084 1002 1147 his
1027 1084 1112 1148 Vitis
1134 1085 1294 1164 tribuere,

230 1230 301 1271 cunr
336 1209 414 1272 fides
450 1231 557 1272 earum
593 1231 713 1273 summo
746 1211 813 1272 iure
836 1209 870 1272 in
894 1209 1025 1273 dubium
1049 1211 1147 1292 possit
1170 1211 1292 1275 vocari.

229 1330 314 1395 Nam
336 1337 454 1415 praeter
477 1333 564 1410 illud,
589 1334 672 1415 quod
695 1334 782 1396 iniis
799 1335 837 1396 10
854 1334 964 1396 exsilio
981 1331 1141 1396 Iuvenalis
1158 1334 1296 1418 legitur,

229 1457 307 1521 nihil
332 1458 399 1520 fere
423 1457 552 1536 habent,
577 1459 660 1540 quod
684 1459 843 1520 mentione
868 1460 999 1542 dignum
1023 1461 1073 1537 sit,
1098 1462 1133 1521 ut
1157 1460 1194 1522 de
1218 1459 1293 1541 ipso

231 1583 351 1661 exsilio,
368 1584 461 1666 quale
478 1584 510 1646 in
530 1583 569 1645 iis
586 1586 856 1654 commemoretur,
874 1584 994 1646 sileam.
1029 1583 1106 1647 Vita
1123 1580 1137 1645 I
1154 1581 1296 1647 luvena—
1352 1567 1355 1572 ι

229 1709 302 1793 101114
326 1709 359 1770 in
394 1706 578 1791 Aegyptum
612 1708 677 1770 iam
712 1708 873 1791 octoginta
902 1731 998 1772 anuos
1031 1712 1140 1771 natum
1164 1709 1292 1773 venisse

229 1833 404 1896 confirmat.
440 1831 581 1914 Soriptor
597 1830 681 1894 Vitae
698 1829 746 1895 IV
763 1833 800 1895 de
818 1833 928 1895 exsilio
946 1832 1110 1916 Aegyptio
1126 1833 1291 1896 memoriae

229 1956 345 2038 prodit,
369 1959 531 2037 tamquam
555 1956 581 2017 si
605 1954 787 2019 Domitiano
810 1957 987 2040 imperante
1010 1955 1070 2019 hoo
1095 1957 1214 2020 factum
1236 1957 1291 2020 sit.

228 2079 266 2144 In
289 2081 367 2145 Vita
389 2080 419 2144 V
443 2075 500 2158 est,
526 2083 652 2161 poetam
674 2103 737 2143 non
762 2081 794 2143 in
818 2080 1004 2164 Aegyptum
1027 2081 1082 2145 sod
1106 2081 1138 2143 in
1159 2080 1292 2144 Britan-

229 2208 314 2270 niam
339 2207 470 2269 venisse.
519 2204 580 2269 Sed
604 2205 672 2268 haeo
696 2210 932 2288 praetereamus,
956 2228 1058 2289 neque
1087 2207 1171 2269 enim
1194 2205 1299 2269 Vita.

228 2354 298 2396 rum
334 2332 504 2395 auotoritas
539 2334 629 2395 tanta
664 2336 721 2410 est,
757 2336 792 2394 ut
826 2354 864 2394 ex
899 2332 938 2394 iis
974 2332 1094 2414 aliquid
1120 2354 1178 2415 pro
1202 2335 1292 2394 certo

228 2460 366 2520 statuere
401 2457 505 2520 liceat.
552 2455 601 2519 Ea
635 2478 719 2532 vem,
751 2478 821 2539 quae
845 2457 879 2518 in
902 2456 941 2518 iis
964 2460 1143 2533 narrantur,
1169 2456 1290 2519 maiore

229 2604 268 2645 ex
302 2585 392 2664 parte
429 2604 466 2643 ex
501 2581 578 2663 ipsis
607 2581 712 2643 satiris
735 2580 856 2643 hauriri
880 2581 1029 2662 potuisse,
1054 2581 1136 2663 quod
1159 2585 1295 2644 monent

228 2710 260 2769 et
294 2704 441 2769 Weiseus
477 2708 509 2768 et
543 2706 605 2787 qui¹
633 2710 705 2768 ante
741 2727 812 2767 eum
836 2705 1040 2787 scripserunt,
1065 2705 1231 2787 Kempfius
1256 2709 1294 2768 et

228 2829 401 2907 StrackiuS,
425 2852 487 2893 non
510 2830 604 2892 facile
629 2829 846 2892 concesserim.

334 2953 556 3017 Differentiam
591 2954 700 3037 igitur,
737 2975 807 3035 quae
843 2956 890 3017 est
922 2954 1005 3016 inter
1028 2955 1150 3035 priores
1173 2954 1291 3017 satiras

228 3082 260 3142 et
294 3079 495 3161 posteriores,
531 3100 593 3140 non
623 3100 695 3141 curn
718 3077 897 3141 Ribbeokio
920 3079 966 3141 ita
990 3078 1151 3160 explicare
1176 3099 1292 3160 possu-

227 3226 307 3280 mus,
343 3206 378 3266 ut
407 3205 445 3266 10
470 3203 589 3266 duobus
614 3203 821 3284 scriptoribus
846 3203 1029 3287 cogitemus.
1077 3201 1153 3276 Quae
1178 3203 1292 3266 attulit

227 3326 506 3403 1110110001012),
543 3349 580 3390 ea
615 3349 654 3390 ex
686 3327 793 3409 aliqua
827 3332 917 3410 parte
953 3328 1123 3410 approbari
1146 3332 1291 3410 possunt,

227 3475 289 3517 non
317 3456 425 3514 tamen
449 3452 606 3515 exomni.
652 3450 683 3514 Is
707 3454 826 3530 censet,
850 3448 1034 3516 Iuvenalem
1057 3475 1085 3516 a.
1111 3453 1151 3515 67
1176 3454 1290 3515 natum

228 3598 294 3640 esse
319 3572 421 3652 (XIII.
448 3575 487 3638 17
512 3597 576 3638 non
599 3575 765 3640 Calvinum
788 3577 843 3639 sed
859 3573 1042 3640 iuvenalem
1058 3576 1173 3653 notari)
1191 3579 1292 3658 atque

226 3718 438 3728 Μ

375 3790 399 3843 J.
420 3789 541 3844 Grauius
560 3787 579 3840 1.
598 3786 617 3840 1.
636 3805 663 3856 p.
684 3788 707 3840 3.

375 3879 403 3931 L.
433 3879 635 3931 Fmannlunan:
663 3876 879 3946 Darstellungen
907 3895 932 3930 a.
952 3877 977 3929 d.
998 3876 1181 3945 Sittengesoh.
1201 3876 1289 3931 Romo

225 3963 280 4021 ΙΙΙδ
298 3984 345 4035 pp.
364 3966 416 4020 458
435 3984 493 4034 sqq.

337 3788 355 3855 ¹)

336 3876 355 3944 ¹)
