3062 4808
758 327 930 390 ...96-

419 503 591 589 Postquam
625 504 694 568 haec
729 505 767 568 de
802 503 967 568 fraudibus
1005 502 1205 586 fallaciisque
1228 504 1374 568 universe

312 629 475 714 proposita
509 633 592 706 sunt,
617 633 713 712 poeta
736 629 851 692 iterum
875 651 908 691 se
932 629 971 692 ad
997 627 1164 693 Calvinum
1188 631 1375 693 convertens

313 754 357 836 (v.
384 755 439 836 71)
462 755 551 818 iubet
575 776 646 818 euru
671 755 753 818 trono
778 754 883 817 animo
906 774 984 831 esse,
1008 775 1079 816 cum
1105 755 1257 838 exiguum
1281 755 1375 824 modu

313 879 463 943 damnum
487 879 661 961 acceperit:
687 879 772 961 quid,
797 878 832 940 si¹
847 877 946 942 multo
968 878 1068 942 maius
1092 878 1227 942 fuisset?
1254 878 1375 942 Multos

313 1005 399 1069 enim
428 1004 629 1088 gravioribus
653 1003 776 1068 damnis
800 1023 868 1066 esse
892 1003 1044 1080 adfectos,
1068 1024 1171 1085 neque
1194 1007 1301 1067 tamen
1325 1025 1376 1066 res

313 1133 459 1212 repetere
476 1129 625 1211 potuisse,
638 1127 785 1210 quoniam
798 1127 941 1190 homines
955 1127 1148 1190 fraudulenti
1161 1128 1230 1192 iure
1243 1128 1377 1191 iurando

314 1253 434 1316 crimen
470 1253 638 1316 defendere
673 1273 800 1334 semper
825 1252 930 1334 parati
953 1251 1016 1314 sint
1039 1251 1102 1332 (vv.
1129 1253 1169 1315 78
1194 1253 1278 1335 sqq.)
1324 1251 1377 1316 Sic

314 1380 409 1459 poeta
444 1377 482 1440 ad
518 1377 607 1440 illam
642 1376 833 1440 sententiam
867 1376 996 1439 uberius
1031 1376 1253 1459 explicandam
1283 1377 1377 1458 redit,

314 1523 411 1585 quam
447 1503 508 1566 iarn
545 1525 574 1564 v.
612 1503 653 1566 36
689 1501 799 1584 paucis
829 1501 1040 1580 adumbravit,
1065 1501 1378 1584 quemadmodum

313 1649 384 1710 quae
419 1627 452 1692 in
485 1627 613 1690 exordio
637 1626 674 1689 de
699 1625 831 1688 nefariis
854 1624 1018 1688 hominum
1042 1626 1215 1689 sceleribus
1240 1647 1378 1689 comme·

314 1755 479 1814 morantur
500 1751 590 1814 novis
614 1751 687 1813 inde
712 1773 731 1812 a
753 1772 803 1813 vv.
829 1751 893 1812 120
917 1771 985 1832 sqq.
1011 1750 1165 1832 exemplis
1189 1751 1222 1814 in
1245 1751 1378 1816 meliore

314 1877 385 1940 luce
401 1880 570 1958 ponuntur.
604 1873 636 1938 Si
653 1876 723 1957 quis
743 1877 875 1958 quaerut,
893 1876 975 1939 unde
992 1878 1081 1938 tanta
1097 1874 1262 1938 hominum
1278 1876 1379 1938 auda-

315 2001 364 2066 cia
387 2000 618 2083 proficiscatur,
643 2004 737 2082 poeta
760 2000 929 2082 respondet
953 1999 1016 2080 (vv.
1043 1999 1083 2064 86
1108 1969 1201 2083 sqq),
1219 2000 1378 2064 aliusnon

315 2125 444 2189 credere
468 2125 543 2188 deos
567 2147 644 2198 esse,
670 2124 746 2187 alios
771 2125 898 2187 credere
922 2125 1051 2206 quidem
1074 2145 1153 2200 esse,
1177 2125 1233 2188 sed
1256 2124 1378 2188 lentam
1449 2115 1454 2123 ’

315 2271 422 2314 eorum
458 2250 538 2312 iram
565 2252 678 2332 putare
702 2248 744 2331 (v.
772 2249 858 2331 100),
883 2249 962 2312 alios
985 2249 1112 2312 venium
1136 2249 1277 2312 criminis
1302 2271 1376 2332 spe·

314 2397 396 2439 rare.
435 2372 568 2438 Nullum
592 2377 702 2437 contra
725 2375 857 2438 istorum
881 2374 1047 2437 audaciam
1069 2373 1206 2436 inveniri
1222 2373 1378 2437 auxilium

314 2499 378 2580 (vv.
406 2499 604 2580 112-119).

423 2623 516 2706 Apud
541 2624 661 2686 iudices
686 2627 771 2686 certe
795 2645 856 2686 non
881 2622 1027 2686 inveniri.
1074 2621 1152 2685 Esse
1176 2626 1283 2685 tamen
1307 2645 1377 2687 ma·

315 2771 413 2833 gnum
437 2748 596 2824 solatium,
621 2749 647 2810 si
671 2769 741 2830 quae
765 2748 797 2810 in
816 2748 888 2846 (vita
912 2747 1070 2810 cotidiana
1093 2747 1190 2831 vulgo
1206 2748 1284 2811 fiant
1301 2769 1377 2812 con-

314 2874 504 2936 siderentur.
545 2871 693 2935 Recurrit
716 2872 817 2956 igitur
839 2876 944 2954 poeta,
969 2872 1051 2954 quod
1076 2872 1139 2936 iam
1163 2873 1311 2952 diximus,
1336 2873 1378 2936 ad

315 2996 374 3060 hoc
407 2997 556 3060 solatium
578 3020 608 3059 v.
634 2998 708 3060 120.
755 2994 792 3059 Id
815 3019 871 3060 suo
894 2997 961 3078 iure
986 2997 1091 3060 facere
1115 3001 1230 3095 potest,
1254 2999 1282 3061 si
1306 3000 1377 3081 qui·

316 3123 386 3186 dem
412 3121 471 3185 hac
494 3122 643 3186 libertate
667 3122 808 3185 materiae
831 3122 1033 3204 disponendae
1050 3123 1151 3186 oratio
1169 3123 1377 3208 distinguitur

316 3250 348 3310 et
375 3248 526 3321 variatur,
551 3268 653 3328 neque
678 3250 725 3310 est
749 3247 833 3329 quod
856 3247 1021 3310 molestam
1045 3247 1128 3310 hanc
1151 3249 1376 3330 repetitionem

314 3372 522 3455 appellemus,
558 3394 628 3434 curn
664 3393 789 3453 semper
823 3393 940 3436 novum
973 3372 1093 3455 aliquid
1118 3372 1262 3451 addatur,
1288 3374 1376 3436 cuius

315 3498 362 3560 rei
390 3496 571 3579 exemplum
596 3500 643 3559 est
666 3518 695 3560 v.
722 3497 794 3558 144.
840 3495 941 3559 Poeta
965 3498 1002 3559 de
1027 3497 1089 3560 levi
1114 3498 1228 3560 damno
1252 3496 1376 3562 Caluini

315 3643 411 3704 supra
434 3621 557 3684 locutus
583 3624 631 3684 est
654 3621 717 3700 (vv.
744 3619 852 3701 7-8),
877 3621 990 3683 deinde
1015 3643 1086 3684 eum
1104 3623 1278 3701 admonuit,
1295 3621 1377 3686 mul-

315 3750 363 3809 tos
398 3747 549 3828 pecunias
582 3746 717 3808 maiores
741 3746 883 3808 amisisse
907 3745 969 3826 (vv.
996 3745 1149 3822 71--74).
1196 3744 1264 3810 Iam
1288 3747 1376 3830 loqui

316 3870 428 3954 incipit
452 3872 489 3934 de
515 3871 585 3934 aliis
610 3874 641 3933 et
665 3871 865 3953 gravioribus
890 3871 1022 3946 damnis,
1047 3893 1117 3953 quae
1142 3893 1204 3934 non
1225 3873 1264 3934 ad
1282 3874 1377 3936 amis-

315 4017 366 4059 sas
401 3995 551 4077 pecunias
586 3998 719 4074 tuntum,
755 3997 810 4058 sed
834 3996 872 4058 ad
897 3996 1006 4060 mortis
1030 3996 1171 4078 pericula
1195 3997 1378 4062 referuntur
