2828 4612
676 275 848 338 ..14-

226 474 329 514 masse
365 452 451 529 dicit,
487 451 542 533 qui
577 451 685 515 Vitam
716 452 783 514 eius
807 452 934 534 scripsit
959 488 999 496 -
1024 451 1191 534 disciplina
1214 452 1288 515 rhe-

227 579 329 641 torica
353 577 510 642 imbutum
535 577 574 639 ad
597 577 710 639 satiras
727 578 957 660 componendas
974 577 1152 640 accessisse.
1192 576 1288 640 Cuius

227 702 403 785 disciplinae
432 702 569 785 vestigia
591 723 655 765 non
678 702 770 765 modo
793 701 826 765 in
851 724 887 765 eo
905 705 1091 778 cernuntur,
1116 701 1199 784 quod
1224 701 1287 764 elo-

227 827 311 890 cutio
348 827 415 890 eius
438 827 538 909 tropis
562 831 594 889 et
617 827 728 911 figuris
753 827 904 899 abundat,
928 848 1038 888 verum
1061 825 1161 888 multo
1185 826 1287 908 magis

227 951 310 1033 quod
337 955 560 1035 argumentum
583 951 752 1014 satirarum
775 952 820 1013 ita
845 951 992 1034 disponit,
1017 955 1052 1013 ut
1075 974 1093 1013 a
1116 950 1287 1013 levioribus

227 1077 266 1138 ad
302 1076 451 1159 graviora
486 1076 602 1139 sensim
636 1097 823 1160 progressus
859 1076 1077 1160 gradationem
1101 1075 1227 1152 efficiat,
1256 1077 1288 1137 et

226 1222 284 1281 per
316 1222 348 1263 se
373 1201 450 1263 satis
474 1205 582 1284 aptam
606 1205 638 1263 et
661 1201 829 1284 praeceptis
853 1200 1017 1264 rhetorum
1041 1200 1287 1278 accomodatam,

227 1323 278 1413 Sic
311 1325 357 1388 vis
393 1324 448 1388 illa
483 1325 591 1403 oritur,
625 1347 695 1407 quae
720 1332 758 1389 ad
783 1325 902 1388 animos
925 1347 1044 1396 eorum,
1068 1324 1123 1406 qui
1147 1324 1285 1387 audiant.

227 1451 466 1513 commovendos
500 1454 567 1512 tam
601 1449 806 1512 vehementer
841 1449 936 1513 valet.
981 1447 1028 1511 Ut
1060 1449 1204 1531 exemplo
1227 1447 1286 1511 hoc

227 1575 438 1656 comprobem,
463 1574 495 1636 in
519 1575 617 1636 satira
641 1574 777 1637 secunda
801 1578 894 1658 poeta
917 1574 995 1637 vitia
1019 1578 1051 1636 et
1074 1548 1286 1656 turpitudines

226 1699 363 1762 uirorum
399 1699 560 1780 vituperat
594 1700 795 1777 ostendenda
827 1721 888 1782 quo
911 1700 1003 1762 modo
1028 1720 1044 1761 e
1068 1698 1147 1762 vitio
1170 1720 1285 1761 nouum

226 1845 351 1904 semper
385 1823 480 1905 idque
516 1824 645 1907 gravius
680 1824 808 1886 oriatur.
856 1823 932 1886 Post
967 1823 1110 1886 multicia
1145 1823 1186 1904 (v.
1220 1823 1285 1900 66),

227 1945 432 2011 bacchanalia
466 1948 623 2031 gallorum
647 1952 687 2023 (v.
714 1948 784 2029 82);
813 1952 884 2032 post
907 1947 1123 2032 bacchanalia,
1147 1948 1282 2010 virorum

226 2093 297 2134 cunr
332 2071 407 2134 viris
442 2072 561 2154 nuptiae
590 2073 744 2151 (v.117).
792 2072 827 2135 ln
853 2076 964 2135 octava
988 2073 1085 2134 satira
1108 2072 1284 2135 Lateranus

226 2200 267 2270 (v.
294 2197 367 2272 145)
392 2196 459 2278 ipse
477 2219 572 2279 equos
588 2197 769 2260 moderatur
786 2200 880 2278 atque
897 2197 928 2258 in
947 2197 1104 2279 praecipiti
1120 2201 1152 2259 et
1169 2197 1281 2260 declivi

225 2319 295 2383 loco
317 2324 418 2383 rotam
442 2321 509 2404 ipse
533 2321 709 2384 sufflamine
734 2321 919 2405 adstringit:
953 2324 1044 2384 nocte
1068 2320 1205 2404 quidem,
1229 2321 1284 2382 sed

225 2444 300 2506 luna
323 2445 419 2508 videt.
467 2446 681 2529 Damasippus
706 2451 746 2522 (v.
774 2446 850 2527 185)
874 2446 907 2508 in
931 2467 1035 2509 scaena
1057 2447 1189 2508 mimum
1206 2444 1284 2527 agit,

226 2591 362 2651 persona
396 2570 524 2633 indutus
559 2571 613 2633 ille
648 2570 785 2653 quidem,
810 2571 865 2633 sed
889 2592 959 2653 quae
984 2574 1136 2652 exparte
1160 2573 1284 2632 tantum

224 2692 338 2756 faciem
370 2695 543 2758 abscondit.
591 2693 751 2758 Gracchus
775 2694 910 2776 denique
935 2694 976 2775 (v.
1002 2695 1079 2776 200)
1103 2694 1136 2756 in
1159 2693 1284 2776 amphi-

224 2816 350 2880 theatro

595 3021 709 3078 nudum
733 3021 769 3077 ad
793 3022 960 3096 spectacula
984 3020 1101 3078 vultum

384 3126 471 3201 erigit
494 3130 524 3183 et
547 3129 611 3184 tota
634 3127 714 3202 fugit
737 3129 937 3202 agnoscendus
962 3146 1060 3184 arena.

331 3314 383 3380 Sic
417 3316 451 3378 iu
485 3339 567 3380 nona
602 3317 699 3379 satira
733 3315 884 3380 Naevolus
919 3316 1130 3399 querimonias
1154 3338 1226 3379 suas
1250 3317 1282 3378 in

224 3440 392 3505 Virronem
428 3441 572 3519 effundit,
608 3442 724 3525 gradus
749 3444 781 3503 et
804 3462 989 3524 progressus
1004 3442 1166 3524 quosdam
1190 3463 1284 3503 accu-

224 3567 292 3628 rate
316 3567 497 3644 observans,
522 3569 557 3627 ut
580 3569 755 3628 extremum
781 3568 1003 3647 argumentum
1019 3566 1115 3628 etiam
1131 3565 1283 3648 gravissi-

223 3711 310 3751 mum
338 3689 387 3751 sit.
434 3688 503 3752 lam
527 3691 645 3752 dudum
669 3689 697 3752 ei
722 3688 782 3752 hoc
805 3690 956 3771 probrum
979 3689 1084 3765 obicit,
1110 3691 1190 3772 quod
1215 3713 1283 3753 sor-

224 3815 314 3877 didus
345 3813 395 3877 sit.
442 3811 519 3877 Inde
543 3838 562 3877 a
586 3837 613 3878 v.
640 3816 680 3878 70
704 3814 737 3877 id
761 3814 886 3877 adferre
909 3813 1031 3895 incipit,
1056 3814 1138 3896 quod
1161 3813 1281 3878 homini

224 3962 318 4003 avaro
353 3939 569 4022 gratissimum
604 3938 672 4002 fore
696 3939 884 4021 suspicetur·
931 3937 1034 4001 Patris
1058 3960 1171 4001 nomeu
1195 3961 1228 4002 se
1252 3940 1281 4002 ei
