2828 4612
603 338 643 346 -
670 264 731 365 aaa
758 338 797 346 -

174 481 320 544 transitio
344 481 382 544 ad
406 503 435 543 1.
461 481 503 544 73
526 502 619 561 quarn
638 480 677 549 ad
693 502 722 543 1.
741 480 804 542 15?
828 478 891 542 Vix
909 479 1107 567 crediderim.
1143 476 1237 542 Enu-

172 605 305 667 meratio
336 604 553 687 exemplorum
577 626 626 667 11.
652 604 759 666 1-14
783 603 984 665 continuatur
1007 625 1057 667 11.
1084 604 1127 666 15
1151 624 1236 687 sqq„

173 729 227 799 ubi
253 729 412 792 crudelem
436 732 560 810 patrem
584 732 616 791 et
638 727 840 790 libidinosam
864 732 997 790 matrem
1022 730 1093 809 post
1110 727 1237 791 aleato-

175 875 241 916 rem
277 853 319 935 (1.
345 854 378 934 4)
416 858 446 915 et
479 874 654 936 ganeonem
678 851 719 932 (v.
746 850 801 932 10)
824 852 1014 929 invenimus;
1039 875 1077 915 ea
1101 874 1236 915 enume-

172 978 254 1041 ratio
289 977 483 1060 interpositis
518 1000 567 1040 vv.
605 978 733 1040 73-85
765 978 974 1059 abrumpitur.
1021 974 1080 1051 Qui
1113 1000 1167 1042 11.
1194 977 1237 1049 ,73

172 1124 240 1185 sqq.
277 1108 431 1184 praeterea
466 1124 536 1164 cum
571 1102 610 1163 iis
645 1102 725 1165 bono
750 1102 933 1185 iunguntur,
958 1102 1012 1183 qui
1036 1084 1237 1184 praecedunt,

173 1227 206 1288 in
241 1227 354 1308 quibus
388 1231 484 1308 poeta
520 1226 605 1303 dicit,
642 1228 769 1310 gratum
804 1247 882 1301 esse,
907 1226 991 1308 quod
1014 1229 1107 1307 pater
1131 1206 1238 1290 civem

173 1351 285 1433 patriae
321 1351 453 1429 dederit,
490 1350 589 1432 pluris
625 1355 729 1413 autem
764 1354 894 1428 referre,
931 1355 1036 1412 utrum
1067 1351 1171 1414 bonus
1197 1374 1239 1415 an

173 1474 274 1537 malus
298 1475 352 1538 ille
377 1476 454 1538 civis
478 1475 535 1536 sit:

194 1651 354 1726 plurimum
380 1650 455 1707 enim
479 1649 623 1718 intererit,
649 1649 756 1724 quibus
780 1650 894 1707 artibus
918 1653 947 1706 et
972 1649 1079 1724 quibus
1100 1650 1184 1708 hunc
1205 1656 1242 1708 tu

195 1758 327 1814 moribus
351 1757 490 1814 instituas

280 1921 333 1982 Au
362 1943 411 1983 11.
438 1921 566 1983 15-43
592 1943 681 1982 arv.
709 1921 815 1983 1—14
839 1919 1067 2002 separabimus
1093 1920 1182 2002 quod
1208 1922 1241 1983 in

175 2045 238 2108 illis
262 2048 355 2127 poeta
379 2045 416 2106 de
441 2044 636 2126 parentibus
661 2066 794 2126 quorum
818 2045 945 2107 uomina
965 2044 1050 2121 dicit,
1069 2045 1107 2106 de
1124 2043 1241 2109 Rutilo

174 2170 355 2254 Longaque,
392 2169 542 2250 disputat,
578 2170 610 2231 iu
645 2168 695 2230 his
718 2191 780 2231 non
804 2168 900 2230 item?
935 2168 1078 2243 Minime,
1103 2134 1183 2232 riam
1208 2171 1242 2233 in
1308 2256 1311 2261 Ι

174 2304 265 2357 sexta
288 2295 385 2358 satira
409 2293 567 2357 iuvenalis
591 2295 637 2356 ita
660 2294 737 2376 agit,
762 2296 797 2355 ut
814 2293 958 2375 exempla
975 2298 1123 2356 notarum
1140 2295 1245 2358 muli-

93 2427 96 2433 “
177 2441 265 2480 erum
290 2423 321 2482 et
345 2420 526 2503 ignotarum
550 2418 725 2500 promiscue
750 2421 890 2499 usurpet.

281 2542 343 2606 Cur
366 2547 438 2625 post
461 2566 490 2606 1.
516 2545 557 2606 43
581 2543 693 2605 melius
717 2545 888 2624 sequentur
911 2565 960 2605 11.
987 2543 1117 2606 59-72
1141 2565 1252 2626 quarnv

176 2690 224 2730 11.
249 2668 402 2729 stt—58?
439 2667 517 2730 Cum
540 2672 634 2750 poeta
658 2666 774 2729 dixerit
797 2689 846 2730 11.
873 2667 913 2730 38
938 2689 1023 2749 sqq.:

304 2815 451 2873 abstineas
475 2816 568 2890 igitur
592 2815 764 2872 damnandis
789 2845 829 2852 -
856 2846 896 2854 -

529 2952 569 2958 -
595 2952 634 2958 -
661 2921 801 2994 quoniam
825 2921 931 2978 dociles
955 2921 1106 2979 imitandis

305 3029 442 3102 turpibus
467 3047 500 3085 ac
523 3028 622 3103 pravis
647 3047 746 3085 ornnes
770 3047 871 3085 sumus

177 3187 410 3264 peropportune
433 3203 567 3266 pergere
592 3184 696 3264 potest
718 3204 767 3244 vv.
793 3182 939 3244 44—45:

305 3330 347 3386 nil
372 3330 453 3387 dictu
476 3331 594 3388 foedum
619 3330 744 3404 visuque
767 3330 829 3387 haec
852 3328 954 3386 limina
978 3332 1093 3404 tangat,

305 3436 384 3493 intra
408 3456 474 3510 quae
498 3441 582 3512 pater
606 3441 650 3494 est

179 3591 279 3655 multo
312 3591 425 3654 melius
460 3613 545 3667 sane,
581 3612 677 3673 quam
711 3590 736 3652 si
768 3613 817 3653 11.
844 3590 972 3653 59-72
997 3591 1119 3653 inserat
1144 3596 1248 3676 atque

177 3715 232 3792 na,
257 3717 379 3778 utiam
402 3716 547 3793 diximus,
573 3717 680 3796 aptam
704 3737 721 3775 a
743 3715 793 3778 11.
821 3715 948 3779 70—72
973 3715 1013 3777 ad
1036 3737 1086 3779 11.
1102 3686 1250 3786 ,73-,74

178 3839 394 3902 transitionem
419 3839 525 3902 laedat.
572 3838 734 3920 Deceptus
758 3839 896 3901 estsine
921 3839 1016 3902 dubio
1039 3837 1249 3909 Ribbeckius

177 3985 226 4025 11.
253 3963 398 4026 68-69:
