2828 4612
463 349 465 354 ,
513 321 553 330 -
579 285 640 353 137
662 310 709 355 ,-’

77 481 174 542 qnam
186 460 303 524 fractos
315 484 417 540 nnana,
431 466 541 545 ruptas
554 484 663 545 genas
677 461 799 524 hiantia
810 484 890 538 ossa,
902 462 1023 524 clausos
1033 462 1140 526 oculos

78 588 345 664 commemoravit,
370 587 610 650 iucundissimos
633 587 691 650 hos
715 608 825 650 versus
850 587 938 649 addit
961 586 1138 669 (59-60):

219 733 319 791 ludere
343 754 373 792 se
397 735 522 792 credunt
544 735 600 808 ipsi
624 726 723 792 tamen
747 738 777 791 et
800 735 927 809 pueriles

217 859 350 898 exercere
375 841 460 910 acies
486 841 565 916 quod
588 841 671 898 nulla
695 842 838 898 cadavera
862 843 992 899 calcent!

175 993 258 1056 Mox
281 995 303 1057 ii
327 998 500 1078 sequuntur
524 1000 584 1071 (vv.
611 997 651 1058 65
676 996 769 1078 sqq.)‚
793 996 848 1078 qui
872 999 945 1059 sunt
961 996 999 1058 de
1016 994 1135 1071 Turno,

76 1117 177 1181 Aiace
202 1122 276 1183 cet:
303 1120 410 1201 aptine
435 1142 475 1182 an
498 1120 620 1202 inepti?
654 1118 735 1194 Quid
760 1120 797 1182 de
821 1143 850 1183 v.
870 1121 931 1182 112
950 1121 1138 1183 dicendum?

76 1241 129 1305 Sic
164 1247 259 1326 poeta
294 1267 312 1307 a
346 1246 452 1309 iocoso
488 1267 605 1328 genere
641 1245 765 1308 dicendi
790 1245 828 1307 ad
853 1245 969 1308 elatam
994 1245 1082 1307 illam
1106 1248 1138 1308 et

75 1368 280 1452 magnificam
304 1370 478 1432 orationem
502 1370 619 1432 sensim
643 1370 767 1460 transit,
792 1391 856 1451 qua
879 1370 952 1432 inde
976 1393 995 1432 a
1018 1392 1048 1433 v.
1074 1371 1131 1432 131

77 1492 272 1556 delectamur
295 1516 428 1576 quaeque
453 1494 594 1575 profecto
612 1494 708 1578 digna
721 1482 772 1556 est
788 1516 851 1556 non
867 1495 959 1557 modo
975 1491 1136 1571 Iuvenale,

75 1639 187 1680 verum
221 1619 340 1700 optimo
374 1641 499 1701 quoque
535 1641 574 1683 ex
605 1620 643 1680 iis
667 1619 793 1703 magnis
817 1619 1035 1701 scriptoribus
1060 1641 1137 1701 quos

75 1742 151 1804 tulit
175 1744 357 1826 antiquitas
773 1816 787 1841 ο

184 1867 272 1931 Duas
307 1868 455 1931 molestas
487 1869 707 1952 digressioneS‚
732 1891 865 1951 quarum
889 1891 951 1931 una
974 1891 1024 1931 vr.
1050 1871 1134 1931 44—

77 1993 130 2069 46,
167 1993 267 2055 altera
301 2016 351 2056 vv.
388 1995 518 2057 47-48
553 1994 784 2076 complectitur,
808 1993 949 2056 Palmius
974 1995 1013 2056 ab
1037 1994 1137 2056 inter-

75 2117 216 2198 polatore
252 2118 386 2180 insertas
417 2141 484 2181 esse
509 2119 684 2194 confirmat,
709 2119 763 2201 qui
787 2119 1064 2200 intemperantiam
1088 2118 1136 2180 lu-

75 2262 213 2323 xumque
238 2243 471 2325 Aegyptiorum
494 2242 606 2304 stolide
630 2243 762 2305 miratus
787 2243 891 2304 facere
908 2265 969 2304 non
986 2242 1135 2324 potuerit,

76 2366 154 2448 quin
185 2366 440 2450 indignationem
475 2389 564 2429 suam
587 2367 678 2429 malis
702 2367 889 2448 quibusdam
913 2367 1054 2429 versibus
1078 2387 1136 2447 po-
1212 2448 1222 2458 ι

76 2490 170 2553 steris
194 2492 335 2553 traderet
353 2492 387 2573 ¹).
427 2489 557 2554 Iahnius
581 2513 633 2554 eos
649 2492 738 2554 uncis
755 2491 905 2567 includit;
932 2490 1135 2554 Heinrichius

75 2615 201 2696 spurios
218 2637 271 2678 eos
289 2637 356 2678 esse
374 2621 482 2698 aperte
502 2617 697 2698 pronuntiat,
714 2616 865 2679 iudicium
881 2615 1032 2679 Franckii
1049 2638 1134 2678 com-

77 2740 224 2820 probans
262 2739 362 2803 Miror
379 2741 598 2824 integritatem
614 2740 727 2804 horum
743 2763 889 2804 versuum
907 2763 925 2803 a
942 2740 1017 2803 viris
1034 2740 1134 2802 doctis

75 2865 164 2926 tanto
188 2865 292 2928 studio
317 2866 509 2949 impugnari.
549 2863 698 2939 Quamvis
723 2865 807 2927 enim
831 2866 1043 2949 digressiones
1060 2865 1133 2941 sint,

76 2988 249 3051 orationem
275 2989 361 3052 nullo
384 2991 475 3053 modo
498 2991 605 3072 inepte
622 2991 866 3072 interrumpunt.
901 2989 1135 3054 Usitatissimas

76 3113 160 3195 apud
194 3110 377 3176 iuvenalem
412 3115 445 3176 id
473 3136 573 3197 genus
598 3115 808 3198 digressiones
833 3137 910 3189 esse,
936 3119 1045 3177 notum
1069 3117 1133 3190 est3

75 3236 160 3299 infra
190 3260 238 3300 vv.
264 3238 304 3299 65
328 3259 397 3320 sqq.
423 3238 556 3301 alteram
579 3238 742 3313 habemus
767 3261 830 3321 qua
853 3239 942 3301 finita
967 3242 1062 3321 poeta
1085 3237 1134 3300 his

76 3363 180 3425 verbis
204 3383 241 3424 eo
265 3363 348 3425 redit
371 3363 453 3425 unde
479 3363 648 3441 aberravit,
674 3386 703 3427 v.
729 3363 785 3426 72:

342 3530 359 3567 a
383 3511 564 3569 deverticulo
588 3514 742 3585 repetatur
765 3510 867 3567 fabula

181 3663 250 3727 Hoc
275 3664 397 3728 Palmio
420 3665 513 3728 facile
538 3666 684 3742 concedo,
709 3665 783 3728 festi
806 3665 1061 3747 descriptionem,
1079 3667 1134 3729 de·

77 3788 150 3852 letis
174 3811 224 3852 vv.
250 3789 391 3867 rar-48,
415 3812 476 3853 non
501 3790 699 3871 interrumpi,
723 3790 778 3852 sed
795 3812 941 3872 quaenam
956 3789 1024 3855 haec
1041 3813 1137 3856 causa

185 3965 465 4034 immutas
