2828 4612
672 299 846 360 ..tlo—

226 475 263 537 de
300 475 382 538 fictis
406 475 500 538 rebus
523 478 574 538 v'v.
600 475 729 538 50--53
754 476 879 558 agatur.
919 473 951 538 Si
976 476 1014 538 de
1039 475 1130 549 fictio,
1150 442 1286 537 'coniun-

225 599 344 662 ctlvum
374 602 490 661 tractet
512 599 658 682 legimua
683 599 731 661 sin
755 599 793 661 de
818 598 910 676 veria,
935 601 1053 670 tractat
1075 599 1284 682 praeferimua

330 723 435 785 Mores
471 721 616 785 Virronis
643 723 688 784 ita
713 723 938 805 depinguntur,
962 727 999 785 ut
1022 745 1094 786 eum
1118 725 1198 786 dona
1221 745 1284 786 non

223 865 373 930 respuere
408 847 502 910 facile
537 846 771 930 intellegamua
818 847 867 910 Ea
901 848 1045 930 accipere
1071 848 1159 911 ,solet
1186 849 1285 911 natali

225 973 274 1034 die
310 970 353 1051 (v.
379 973 443 1047 51),
476 993 579 1054 neque
604 970 742 1035 dubitari
767 972 872 1049 debet,
896 973 973 1055 quin
996 972 1049 1055 qui
1075 973 1155 1035 alter
1179 971 1284 1055 Gany·
1330 1042 1333 1046 Α

224 1097 330 1159 medes
355 1074 433 1158 ¹esse
469 1096 530 1159 sibi
563 1096 706 1159 videatur
730 1095 773 1173 (v.
798 1063 853 1171 4¹7)
878 1118 915 1160 eo
938 1097 1099 1179 procedat,
1124 1100 1160 1159 ut
1183 1119 1284 1160 mores

223 1221 388 1284 muliebris
411 1242 534 1303 quoque
559 1242 651 1282 sexus
675 1221 794 1283 imitari
818 1221 904 1284 velit.
944 1220 1040 1284 Virro
1058 1222 1157 1305 igitur
1173 1223 1284 1285 sedens

223 1345 255 1407 in
291 1344 442 1407 cathedra
477 1343 630 1408 Kalendis
665 1345 790 1408 Martiis
825 1368 956 1409 munera
983 1350 1110 1424 tractat,
1135 1347 1189 1420 sed
1214 1369 1285 1410 cum

222 1491 378 1553 nugarum
405 1469 572 1532 admodum
597 1470 738 1533 conscius
762 1471 813 1548 sit,
837 1470 906 1534 haec
923 1493 1054 1534 munera
1070 1472 1152 1534 clam
1169 1473 1285 1554 accipit

80 1658 85 1667 ,
132 1677 135 1682 .
176 1683 177 1688 η
224 1592 267 1674 (v.
303 1596 368 1669 53).
416 1594 505 1669 Quod
542 1595 586 1656 ait
622 1594 805 1679 Bogeniua'
827 1594 994 1658 Virronem
1030 1596 1060 1658 id
1092 1596 1197 1659 facere
1221 1619 1284 1659 non
1383 1683 1386 1687 ,

224 1719 350 1797 audere,
376 1719 494 1802 quippe
518 1720 573 1801 qui
597 1722 629 1781 et
652 1722 744 1782 taeter
767 1723 799 1782 et
823 1723 916 1783 aetate
940 1724 1108 1803 provectus
1125 1720 1175 1798 sit,
1192 1723 1284 1783 taeter

223 1843 351 1924 quidem
375 1848 433 1922 est,
458 1845 513 1906 sed
538 1844 576 1906 de
601 1847 695 1906 aetate
720 1843 800 1907 nihil
817 1844 941 1907 dicitur.
981 1842 1112 1907 Nullam
1128 1848 1283 1926 praeterea

223 1969 351 2059 aetatem
373 1969 467 2052 nugis
491 1989 625 2031 vacuam
650 1989 727 2043 esse,
752 1968 845 2031 modo
870 1969 909 2031 ad
934 1990 986 2032 eas
1004 1969 1126 2031 animus
1142 1969 1282 2042 inclinet,

222 2093 299 2153 satis
323 2095 432 2154 notum
457 2096 513 2154 est.
561 2092 607 2154 At
629 2089 779 2155 Naevolus
803 2093 876 2154 talis
901 2096 958 2169 est,
983 2093 1037 2175 qui
1062 2093 1203 2169 donetur,
1221 2115 1281 2155 non

222 2215 277 2297 qui
313 2216 429 2279 donet?
475 2213 541 2292 lta;
580 2237 616 2280 eo
651 2217 794 2281 acerbior
830 2217 988 2280 cavillatio
1012 2217 1057 2293 fit,
1082 2239 1153 2280 cnm
1177 2217 1283 2300 Gany-

223 2340 347 2404 medem
382 2339 478 2403 istum
511 2345 643 2404 munera
678 2347 863 2425 exspectare
899 2342 985 2419 dicit,
1020 2328 1127 2424 qualia
1156 2342 1282 2404 mittere

198 2465 328 2558 ⁴pueris
364 2468 519 2528 amatores
555 2466 699 2529 solebant
727 2466 806 2545 (cfr.
830 2464 871 2528 ll.
899 2465 984 2543 169).
1032 2464 1075 2543 Si,
1101 2467 1185 2548 quod
1209 2487 1282 2528 con-

221 2578 324 2651 tendit
348 2588 520 2672 BogeniuS‚
545 2588 640 2652 Virro
663 2612 698 2651 re
721 2611 795 2652 vera
819 2611 990 2671 numquam
1015 2611 1101 2652 more
1121 2594 1281 2653 matrona-

178 2796 185 2812 ἱ
223 2735 292 2777 rum
327 2735 460 2776 munera
494 2713 533 2776 K.
581 2713 706 2776 Martiis
742 2715 884 2796 accipere
909 2704 1040 2784 solebat,
1065 2714 1112 2777 vis
1136 2736 1283 2777 versuum

224 2840 353 2901 50-53
389 2837 565 2921 frangitur:
602 2839 730 2921 gravior
749 2816 848 2901 ’enim
877 2841 908 2900 et
932 2839 1075 2902 acerbior
1098 2838 1201 2900 irrisio
1225 2844 1281 2916 est,

221 2963 248 3024 si
282 2962 321 3025 ad
356 2983 464 3025 veram
499 2962 598 3024 vitam
622 2962 827 3025 domesticam
850 2961 995 3025 Virronis
1020 2963 1281 3040 accommodetur,

221 3109 317 3168 quam
340 3087 424 3149 siin
448 3086 539 3148 fictas
563 3090 595 3148 et
618 3087 773 3170 cogitatas
797 3086 934 3169 ineptias
959 3086 1178 3168 profundatur.
1198 3131 1222 3173 ς

180 3296 185 3305 ¹
228 3253 230 3257 ν
328 3208 521 3274 Schmidtius
549 3232 656 3273 omnes
679 3232 788 3273 versus
810 3209 945 3274 Naevolo
967 3211 1114 3274 attribuit
1132 3211 1156 3292 1)
1179 3231 1282 3293 neque

222 3334 357 3412 dubitat
380 3335 457 3416 quin
480 3333 576 3398 Virro
599 3356 731 3398 munera
754 3334 897 3417 accipere
921 3334 1031 3397 solitus
1055 3335 1106 3399 sit.
1152 3331 1183 3397 Is
1206 3356 1282 3398 vero

160 3441 163 3447 ¹
221 3480 271 3522 vr.
307 3458 436 3523 ale-49
462 3463 533 3541 post
560 3481 590 3522 v.
615 3459 657 3522 53
681 3459 823 3535 collocat,
850 3461 883 3521 ut
906 3459 1052 3522 transitio
1076 3460 1115 3522 ad
1139 3481 1187 3536 ea,
1211 3480 1281 3541 quae

48 3646 50 3651 ,
120 3665 123 3670 ⁸
220 3587 403 3665 sequuntur,
439 3583 551 3646 melior
584 3583 650 3647 fiat.
696 3582 772 3658 Qua
807 3584 973 3647 collocatio
1006 3606 1069 3647 non
1095 3606 1195 3666 prava
1233 3587 1282 3646 est

221 3728 323 3790 neque
358 3711 466 3771 tamen
500 3708 689 3782 necessaria,
715 3730 786 3770 cunr
811 3705 974 3784 Naevolua
999 3708 1133 3770 avaritia
1157 3707 1282 3791 patroni

331 3882 350 3949 ¹)
370 3884 402 3936 A.
422 3883 553 3937 Scnmnn:
582 3885 622 3938 De
635 3883 703 3939 locis
717 3883 825 3952 aliquot
838 3883 978 3938 Iuvenalis
992 3874 1171 3952 explicandis.
1204 3883 1281 3937 Halae

223 3971 287 4025 1851
309 3989 354 4041 pp.
375 3972 487 4026 20-24.
