<?xml version="1.0" encoding="UTF-8"?>
<!DOCTYPE html PUBLIC "-//W3C//DTD XHTML 1.0 Transitional//EN"
    "http://www.w3.org/TR/xhtml1/DTD/xhtml1-transitional.dtd">
<html xmlns="http://www.w3.org/1999/xhtml" xml:lang="en" lang="en">
 <head>
  <title>
</title>
<meta http-equiv="Content-Type" content="text/html;charset=utf-8" />
  <meta name='ocr-system' content='tesseract 3.04.00' />
  <meta name='ocr-capabilities' content='ocr_page ocr_carea ocr_par ocr_line ocrx_word'/>
</head>
<body>
  <div class='ocr_page' id='page_1' title='image "./deargumentidisp00gyllgoog_0029.png"; bbox 0 0 2828 4612; ppageno 0'>
   <div class='ocr_carea' id='block_1_1' title="bbox 682 285 854 346">
    <p class='ocr_par' dir='ltr' id='par_1_1' title="bbox 682 285 854 346">
     <span class='ocr_line' id='line_1_1' title="bbox 682 285 854 346; baseline -0.006 -18"><span class='ocrx_word' id='word_1_1' title='bbox 682 285 854 346; x_wconf 64' lang='lat'>-22-.</span> 
     </span>
    </p>
   </div>
   <div class='ocr_carea' id='block_1_2' title="bbox 235 459 1294 793">
    <p class='ocr_par' dir='ltr' id='par_1_2' title="bbox 235 459 1294 793">
     <span class='ocr_line' id='line_1_2' title="bbox 236 459 1294 544; baseline 0.001 -21"><span class='ocrx_word' id='word_1_2' title='bbox 236 461 319 543; x_wconf 92' lang='lat' dir='ltr'>quod</span> <span class='ocrx_word' id='word_1_3' title='bbox 353 483 503 544; x_wconf 89' lang='lat' dir='ltr'>umquam</span> <span class='ocrx_word' id='word_1_4' title='bbox 537 462 571 525; x_wconf 93' lang='lat' dir='ltr'>in</span> <span class='ocrx_word' id='word_1_5' title='bbox 598 462 704 524; x_wconf 84' lang='lat' dir='ltr'>satiris</span> <span class='ocrx_word' id='word_1_6' title='bbox 728 459 940 525; x_wconf 85' lang='lat' dir='ltr'>Iuvenalianis</span> <span class='ocrx_word' id='word_1_7' title='bbox 964 462 1133 544; x_wconf 81' lang='lat' dir='ltr'>vestigium</span> <span class='ocrx_word' id='word_1_8' title='bbox 1159 460 1294 544; x_wconf 89' lang='lat' dir='ltr'>duplicis</span> 
     </span>
     <span class='ocr_line' id='line_1_3' title="bbox 236 585 1293 669; baseline -0.001 -21"><span class='ocrx_word' id='word_1_9' title='bbox 236 587 429 650; x_wconf 78' lang='lat' dir='ltr'>recensionis</span> <span class='ocrx_word' id='word_1_10' title='bbox 459 587 648 666; x_wconf 85' lang='lat' dir='ltr'>inveniatur,</span> <span class='ocrx_word' id='word_1_11' title='bbox 672 585 832 663; x_wconf 87' lang='lat' dir='ltr'>hocloco,</span> <span class='ocrx_word' id='word_1_12' title='bbox 857 587 895 650; x_wconf 90' lang='lat' dir='ltr'>de</span> <span class='ocrx_word' id='word_1_13' title='bbox 919 608 980 669; x_wconf 91' lang='lat' dir='ltr'>quo</span> <span class='ocrx_word' id='word_1_14' title='bbox 1003 607 1086 649; x_wconf 88' lang='lat' dir='ltr'>nune</span> <span class='ocrx_word' id='word_1_15' title='bbox 1109 608 1211 649; x_wconf 88' lang='lat' dir='ltr'>sermo</span> <span class='ocrx_word' id='word_1_16' title='bbox 1235 590 1293 664; x_wconf 79' lang='lat' dir='ltr'>est,</span> 
     </span>
     <span class='ocr_line' id='line_1_4' title="bbox 235 709 1293 793; baseline 0.001 -20"><span class='ocrx_word' id='word_1_17' title='bbox 235 711 380 775; x_wconf 85' lang='lat' dir='ltr'>inveniri.</span> <span class='ocrx_word' id='word_1_18' title='bbox 428 709 490 774; x_wconf 88' lang='lat' dir='ltr'>Sed</span> <span class='ocrx_word' id='word_1_19' title='bbox 513 733 552 774; x_wconf 91' lang='lat' dir='ltr'>ne</span> <span class='ocrx_word' id='word_1_20' title='bbox 576 710 635 774; x_wconf 90' lang='lat' dir='ltr'>hoc</span> <span class='ocrx_word' id='word_1_21' title='bbox 658 712 787 793; x_wconf 87' lang='lat' dir='ltr'>quidem</span> <span class='ocrx_word' id='word_1_22' title='bbox 810 714 950 773; x_wconf 73' lang='lat' dir='ltr'><strong>statuere</strong></span> <span class='ocrx_word' id='word_1_23' title='bbox 974 732 1101 774; x_wconf 83' lang='lat' dir='ltr'>necesse</span> <span class='ocrx_word' id='word_1_24' title='bbox 1127 716 1182 774; x_wconf 89' lang='lat' dir='ltr'>est.</span> <span class='ocrx_word' id='word_1_25' title='bbox 1230 710 1293 774; x_wconf 86' lang='lat' dir='ltr'>Mi-</span> 
     </span>
    </p>
   </div>
   <div class='ocr_carea' id='block_1_3' title="bbox 236 814 1293 918">
    <p class='ocr_par' dir='ltr' id='par_1_3' title="bbox 236 814 1293 918">
     <span class='ocr_line' id='line_1_5' title="bbox 236 814 1293 918; baseline 0 -20"><span class='ocrx_word' id='word_1_26' title='bbox 236 814 384 918; x_wconf 74' lang='lat' dir='ltr'>nimedue</span> <span class='ocrx_word' id='word_1_27' title='bbox 407 835 546 899; x_wconf 92' lang='lat' dir='ltr'>omnium</span> <span class='ocrx_word' id='word_1_28' title='bbox 570 835 760 898; x_wconf 88' lang='lat' dir='ltr'>credendum</span> <span class='ocrx_word' id='word_1_29' title='bbox 786 839 843 913; x_wconf 86' lang='lat' dir='ltr'>est,</span> <span class='ocrx_word' id='word_1_30' title='bbox 867 833 1060 912; x_wconf 83' lang='lat' dir='ltr'>Iuvenalem,</span> <span class='ocrx_word' id='word_1_31' title='bbox 1085 836 1122 911; x_wconf 82' lang='lat' dir='ltr'>si,</span> <span class='ocrx_word' id='word_1_32' title='bbox 1148 838 1182 897; x_wconf 89' lang='lat' dir='ltr'>ut</span> <span class='ocrx_word' id='word_1_33' title='bbox 1198 838 1245 897; x_wconf 92' lang='lat' dir='ltr'>est</span> <span class='ocrx_word' id='word_1_34' title='bbox 1261 836 1293 898; x_wconf 89' lang='lat' dir='ltr'>in</span> 
     </span>
    </p>
   </div>
   <div class='ocr_carea' id='block_1_4' title="bbox 20 958 1295 1043">
    <p class='ocr_par' dir='ltr' id='par_1_4' title="bbox 20 958 1295 1043">
     <span class='ocr_line' id='line_1_6' title="bbox 20 958 1295 1043; baseline 0.003 -24"><span class='ocrx_word' id='word_1_35' title='bbox 20 1004 27 1019; x_wconf 86' lang='lat'><strong><em>.</em></strong></span> <span class='ocrx_word' id='word_1_36' title='bbox 115 973 117 979; x_wconf 87' lang='grc'><strong>’</strong></span> <span class='ocrx_word' id='word_1_37' title='bbox 236 958 323 1038; x_wconf 86' lang='lat' dir='ltr'>Vita,</span> <span class='ocrx_word' id='word_1_38' title='bbox 359 960 392 1022; x_wconf 94' lang='lat' dir='ltr'>in</span> <span class='ocrx_word' id='word_1_39' title='bbox 421 959 532 1023; x_wconf 85' lang='lat' dir='ltr'>exsilio</span> <span class='ocrx_word' id='word_1_40' title='bbox 557 961 669 1024; x_wconf 89' lang='lat' dir='ltr'>satiras</span> <span class='ocrx_word' id='word_1_41' title='bbox 693 960 871 1043; x_wconf 77' lang='lat' dir='ltr'>ampliaret,</span> <span class='ocrx_word' id='word_1_42' title='bbox 896 964 967 1042; x_wconf 87' lang='lat' dir='ltr'>post</span> <span class='ocrx_word' id='word_1_43' title='bbox 989 983 1037 1023; x_wconf 82' lang='lat' dir='ltr'>vv.</span> <span class='ocrx_word' id='word_1_44' title='bbox 1066 960 1236 1023; x_wconf 84' lang='lat'>118-119</span> <span class='ocrx_word' id='word_1_45' title='bbox 1261 960 1295 1023; x_wconf 90' lang='lat' dir='ltr'>in</span> 
     </span>
    </p>
   </div>
   <div class='ocr_carea' id='block_1_5' title="bbox 218 1083 1323 1791">
    <p class='ocr_par' dir='ltr' id='par_1_5' title="bbox 235 1083 1323 1416">
     <span class='ocr_line' id='line_1_7' title="bbox 235 1083 1323 1169; baseline -0.002 -22"><span class='ocrx_word' id='word_1_46' title='bbox 235 1085 380 1169; x_wconf 82' lang='lat' dir='ltr'>margine</span> <span class='ocrx_word' id='word_1_47' title='bbox 405 1107 456 1148; x_wconf 90' lang='lat' dir='ltr'>eos</span> <span class='ocrx_word' id='word_1_48' title='bbox 480 1107 589 1148; x_wconf 84' lang='lat' dir='ltr'>versus</span> <span class='ocrx_word' id='word_1_49' title='bbox 609 1085 776 1158; x_wconf 76' lang='lat' dir='ltr'>addidisse,</span> <span class='ocrx_word' id='word_1_50' title='bbox 793 1085 848 1167; x_wconf 90' lang='lat' dir='ltr'>qui</span> <span class='ocrx_word' id='word_1_51' title='bbox 863 1106 947 1148; x_wconf 89' lang='lat' dir='ltr'>nunc</span> <span class='ocrx_word' id='word_1_52' title='bbox 964 1087 1036 1147; x_wconf 84' lang='lat' dir='ltr'>ante</span> <span class='ocrx_word' id='word_1_53' title='bbox 1053 1107 1082 1148; x_wconf 81' lang='lat' dir='ltr'>v.</span> <span class='ocrx_word' id='word_1_54' title='bbox 1102 1086 1164 1148; x_wconf 73' lang='lat'>124</span> <span class='ocrx_word' id='word_1_55' title='bbox 1180 1083 1294 1168; x_wconf 83' lang='lat' dir='ltr'>legun·</span> <span class='ocrx_word' id='word_1_56' title='bbox 1319 1083 1323 1088; x_wconf 71' lang='grc'><strong>’</strong></span> 
     </span>
     <span class='ocr_line' id='line_1_8' title="bbox 235 1209 1294 1294; baseline 0 -23"><span class='ocrx_word' id='word_1_57' title='bbox 235 1211 297 1289; x_wconf 82' lang='lat' dir='ltr'>tur,</span> <span class='ocrx_word' id='word_1_58' title='bbox 332 1213 492 1293; x_wconf 87' lang='lat' dir='ltr'>tamquam</span> <span class='ocrx_word' id='word_1_59' title='bbox 530 1211 556 1272; x_wconf 91' lang='lat' dir='ltr'>si</span> <span class='ocrx_word' id='word_1_60' title='bbox 592 1210 681 1294; x_wconf 80' lang='lat' dir='ltr'>digni</span> <span class='ocrx_word' id='word_1_61' title='bbox 716 1212 831 1289; x_wconf 83' lang='lat' dir='ltr'>essent,</span> <span class='ocrx_word' id='word_1_62' title='bbox 855 1209 909 1292; x_wconf 90' lang='lat' dir='ltr'>qni</span> <span class='ocrx_word' id='word_1_63' title='bbox 933 1231 1004 1272; x_wconf 90' lang='lat' dir='ltr'>cum</span> <span class='ocrx_word' id='word_1_64' title='bbox 1027 1210 1185 1292; x_wconf 85' lang='lat' dir='ltr'>prioribus</span> <span class='ocrx_word' id='word_1_65' title='bbox 1210 1231 1294 1271; x_wconf 87' lang='lat' dir='ltr'>com-</span> 
     </span>
     <span class='ocr_line' id='line_1_9' title="bbox 236 1338 434 1416; baseline 0 -20"><span class='ocrx_word' id='word_1_66' title='bbox 236 1338 434 1416; x_wconf 85' lang='lat' dir='ltr'>pararentur.</span> 
     </span>
    </p>

    <p class='ocr_par' dir='ltr' id='par_1_6' title="bbox 218 1446 1294 1791">
     <span class='ocr_line' id='line_1_10' title="bbox 342 1446 1294 1541; baseline 0 -21"><span class='ocrx_word' id='word_1_67' title='bbox 342 1456 380 1521; x_wconf 90' lang='lat' dir='ltr'>In</span> <span class='ocrx_word' id='word_1_68' title='bbox 403 1460 605 1541; x_wconf 82' lang='lat' dir='ltr'>responsione</span> <span class='ocrx_word' id='word_1_69' title='bbox 628 1446 754 1522; x_wconf 82' lang='lat' dir='ltr'>Naevoli</span> <span class='ocrx_word' id='word_1_70' title='bbox 778 1463 840 1534; x_wconf 84' lang='lat' dir='ltr'><strong>(vv.</strong></span> <span class='ocrx_word' id='word_1_71' title='bbox 866 1459 1052 1535; x_wconf 58' lang='lat' dir='ltr'>rat-129)</span> <span class='ocrx_word' id='word_1_72' title='bbox 1076 1456 1157 1520; x_wconf 92' lang='lat' dir='ltr'>nihil</span> <span class='ocrx_word' id='word_1_73' title='bbox 1173 1459 1294 1540; x_wconf 90' lang='lat' dir='ltr'>reperi-</span> 
     </span>
     <span class='ocr_line' id='line_1_11' title="bbox 235 1581 1293 1667; baseline 0 -21"><span class='ocrx_word' id='word_1_74' title='bbox 235 1605 314 1663; x_wconf 85' lang='lat' dir='ltr'>mus,</span> <span class='ocrx_word' id='word_1_75' title='bbox 350 1585 433 1667; x_wconf 90' lang='lat' dir='ltr'>quod</span> <span class='ocrx_word' id='word_1_76' title='bbox 466 1585 634 1648; x_wconf 87' lang='lat' dir='ltr'>obscurum</span> <span class='ocrx_word' id='word_1_77' title='bbox 658 1583 709 1647; x_wconf 82' lang='lat' dir='ltr'>sit.-</span> <span class='ocrx_word' id='word_1_78' title='bbox 756 1581 793 1646; x_wconf 92' lang='lat' dir='ltr'>Id</span> <span class='ocrx_word' id='word_1_79' title='bbox 819 1606 883 1646; x_wconf 91' lang='lat' dir='ltr'>non</span> <span class='ocrx_word' id='word_1_80' title='bbox 906 1583 991 1647; x_wconf 86' lang='lat' dir='ltr'>valet</span> <span class='ocrx_word' id='word_1_81' title='bbox 1015 1584 1052 1646; x_wconf 92' lang='lat' dir='ltr'>de</span> <span class='ocrx_word' id='word_1_82' title='bbox 1076 1583 1115 1645; x_wconf 91' lang='lat' dir='ltr'>iis</span> <span class='ocrx_word' id='word_1_83' title='bbox 1139 1583 1293 1663; x_wconf 76' lang='lat' dir='ltr'>versibus,</span> 
     </span>
     <span class='ocr_line' id='line_1_12' title="bbox 218 1707 1293 1791; baseline 0.002 -22"><span class='ocrx_word' id='word_1_84' title='bbox 218 1709 290 1789; x_wconf 80' lang='lat' dir='ltr'>&#39;qui</span> <span class='ocrx_word' id='word_1_85' title='bbox 313 1708 383 1772; x_wconf 89' lang='lat' dir='ltr'>illos</span> <span class='ocrx_word' id='word_1_86' title='bbox 408 1709 578 1790; x_wconf 84' lang='lat' dir='ltr'>excipiunt.</span> <span class='ocrx_word' id='word_1_87' title='bbox 621 1707 682 1772; x_wconf 82' lang='lat' dir='ltr'>Vr.</span> <span class='ocrx_word' id='word_1_88' title='bbox 709 1709 881 1772; x_wconf 80' lang='lat'>133—136</span> <span class='ocrx_word' id='word_1_89' title='bbox 906 1708 1002 1791; x_wconf 86' lang='lat' dir='ltr'>vulgo</span> <span class='ocrx_word' id='word_1_90' title='bbox 1025 1708 1071 1770; x_wconf 86' lang='lat' dir='ltr'>sic</span> <span class='ocrx_word' id='word_1_91' title='bbox 1094 1708 1293 1772; x_wconf 88' lang='lat' dir='ltr'>scribuntur:</span> 
     </span>
    </p>
   </div>
   <div class='ocr_carea' id='block_1_6' title="bbox 394 1873 1083 2040">
    <p class='ocr_par' dir='ltr' id='par_1_7' title="bbox 394 1873 1083 2040">
     <span class='ocr_line' id='line_1_13' title="bbox 872 1873 1083 1932; baseline 0 -2"><span class='ocrx_word' id='word_1_92' title='bbox 872 1874 965 1931; x_wconf 82' lang='lat' dir='ltr'>altera</span> <span class='ocrx_word' id='word_1_93' title='bbox 988 1873 1083 1932; x_wconf 86' lang='lat' dir='ltr'>maior</span> 
     </span>
     <span class='ocr_line' id='line_1_14' title="bbox 394 1968 617 2040; baseline 0.004 -19"><span class='ocrx_word' id='word_1_94' title='bbox 394 1983 459 2038; x_wconf 92' lang='lat' dir='ltr'>spes</span> <span class='ocrx_word' id='word_1_95' title='bbox 483 1968 617 2040; x_wconf 86' lang='lat' dir='ltr'>superest</span> 
     </span>
    </p>
   </div>
   <div class='ocr_carea' id='block_1_7' title="bbox 310 2068 1233 2253">
    <p class='ocr_par' dir='ltr' id='par_1_8' title="bbox 310 2068 1233 2253">
     <span class='ocr_line' id='line_1_15' title="bbox 310 2068 1158 2146; baseline -0.001 -19"><span class='ocrx_word' id='word_1_96' title='bbox 310 2070 369 2127; x_wconf 84' lang='lat'>135</span> <span class='ocrx_word' id='word_1_97' title='bbox 395 2071 458 2128; x_wconf 85' lang='lat' dir='ltr'>haec</span> <span class='ocrx_word' id='word_1_98' title='bbox 482 2072 614 2146; x_wconf 81' lang='lat' dir='ltr'>exempla</span> <span class='ocrx_word' id='word_1_99' title='bbox 638 2089 711 2145; x_wconf 86' lang='lat' dir='ltr'>para</span> <span class='ocrx_word' id='word_1_100' title='bbox 735 2069 884 2139; x_wconf 88' lang='lat' dir='ltr'>felioibns;</span> <span class='ocrx_word' id='word_1_101' title='bbox 909 2071 940 2126; x_wconf 89' lang='lat' dir='ltr'>at</span> <span class='ocrx_word' id='word_1_102' title='bbox 964 2089 1028 2126; x_wconf 86' lang='lat' dir='ltr'>mea</span> <span class='ocrx_word' id='word_1_103' title='bbox 1053 2068 1158 2128; x_wconf 79' lang='lat' dir='ltr'>Clotho</span> 
     </span>
     <span class='ocr_line' id='line_1_16' title="bbox 394 2177 1233 2253; baseline -0.002 -19"><span class='ocrx_word' id='word_1_104' title='bbox 394 2180 424 2234; x_wconf 84' lang='lat' dir='ltr'>et</span> <span class='ocrx_word' id='word_1_105' title='bbox 447 2177 584 2235; x_wconf 84' lang='lat' dir='ltr'>Lachesis</span> <span class='ocrx_word' id='word_1_106' title='bbox 608 2178 749 2253; x_wconf 85' lang='lat' dir='ltr'>gaudent,</span> <span class='ocrx_word' id='word_1_107' title='bbox 774 2177 799 2234; x_wconf 93' lang='lat' dir='ltr'>si</span> <span class='ocrx_word' id='word_1_108' title='bbox 822 2177 954 2252; x_wconf 85' lang='lat' dir='ltr'>pascitur</span> <span class='ocrx_word' id='word_1_109' title='bbox 977 2177 1097 2252; x_wconf 83' lang='lat' dir='ltr'>inguine</span> <span class='ocrx_word' id='word_1_110' title='bbox 1121 2179 1233 2235; x_wconf 84' lang='lat' dir='ltr'>venter.</span> 
     </span>
    </p>
   </div>
   <div class='ocr_carea' id='block_1_8' title="bbox 233 2330 1295 2520">
    <p class='ocr_par' dir='ltr' id='par_1_9' title="bbox 233 2330 1295 2520">
     <span class='ocr_line' id='line_1_17' title="bbox 235 2330 1295 2414; baseline -0.002 -19"><span class='ocrx_word' id='word_1_111' title='bbox 235 2333 364 2395; x_wconf 86' lang='lat' dir='ltr'>Lacuna</span> <span class='ocrx_word' id='word_1_112' title='bbox 391 2336 439 2395; x_wconf 89' lang='lat' dir='ltr'>est</span> <span class='ocrx_word' id='word_1_113' title='bbox 462 2335 533 2414; x_wconf 88' lang='lat' dir='ltr'>post</span> <span class='ocrx_word' id='word_1_114' title='bbox 555 2354 584 2394; x_wconf 86' lang='lat' dir='ltr'>v.</span> <span class='ocrx_word' id='word_1_115' title='bbox 611 2331 684 2395; x_wconf 78' lang='lat'>134.</span> <span class='ocrx_word' id='word_1_116' title='bbox 731 2331 927 2395; x_wconf 84' lang='lat' dir='ltr'>Adversatur</span> <span class='ocrx_word' id='word_1_117' title='bbox 950 2330 1186 2408; x_wconf 84' lang='lat' dir='ltr'>Friedlaender‚</span> <span class='ocrx_word' id='word_1_118' title='bbox 1212 2331 1295 2412; x_wconf 89' lang='lat' dir='ltr'>quod</span> 
     </span>
     <span class='ocr_line' id='line_1_18' title="bbox 233 2452 1294 2520; baseline -0.003 0"><span class='ocrx_word' id='word_1_119' title='bbox 233 2457 350 2520; x_wconf 92' lang='lat' dir='ltr'>mirum</span> <span class='ocrx_word' id='word_1_120' title='bbox 385 2455 465 2520; x_wconf 91' lang='lat' dir='ltr'>mihi</span> <span class='ocrx_word' id='word_1_121' title='bbox 498 2456 633 2520; x_wconf 80' lang='lat' dir='ltr'>videtur.</span> <span class='ocrx_word' id='word_1_122' title='bbox 680 2452 833 2518; x_wconf 86' lang='lat' dir='ltr'>Naevolus</span> <span class='ocrx_word' id='word_1_123' title='bbox 868 2478 917 2519; x_wconf 85' lang='lat' dir='ltr'>vv.</span> <span class='ocrx_word' id='word_1_124' title='bbox 955 2457 1128 2518; x_wconf 76' lang='lat'>135-136</span> <span class='ocrx_word' id='word_1_125' title='bbox 1152 2453 1201 2517; x_wconf 88' lang='lat' dir='ltr'>his</span> <span class='ocrx_word' id='word_1_126' title='bbox 1226 2454 1294 2517; x_wconf 84' lang='lat' dir='ltr'>fere</span> 
     </span>
    </p>
   </div>
   <div class='ocr_carea' id='block_1_9' title="bbox 234 2580 1294 2663">
    <p class='ocr_par' dir='ltr' id='par_1_10' title="bbox 234 2580 1294 2663">
     <span class='ocr_line' id='line_1_19' title="bbox 234 2580 1294 2663; baseline -0.003 -18"><span class='ocrx_word' id='word_1_127' title='bbox 234 2582 341 2647; x_wconf 81' lang='lat' dir='ltr'>verbis</span> <span class='ocrx_word' id='word_1_128' title='bbox 375 2582 490 2645; x_wconf 86' lang='lat' dir='ltr'>utitur:</span> <span class='ocrx_word' id='word_1_129' title='bbox 526 2581 588 2644; x_wconf 86' lang='lat' dir='ltr'>ista</span> <span class='ocrx_word' id='word_1_130' title='bbox 623 2581 769 2663; x_wconf 85' lang='lat' dir='ltr'>exempla</span> <span class='ocrx_word' id='word_1_131' title='bbox 804 2580 837 2642; x_wconf 90' lang='lat' dir='ltr'>in</span> <span class='ocrx_word' id='word_1_132' title='bbox 872 2601 921 2642; x_wconf 90' lang='lat' dir='ltr'>me</span> <span class='ocrx_word' id='word_1_133' title='bbox 945 2601 1006 2642; x_wconf 90' lang='lat' dir='ltr'>non</span> <span class='ocrx_word' id='word_1_134' title='bbox 1030 2581 1203 2662; x_wconf 81' lang='lat' dir='ltr'>quadrant3</span> <span class='ocrx_word' id='word_1_135' title='bbox 1233 2600 1294 2662; x_wconf 83' lang='lat' dir='ltr'>ego</span> 
     </span>
    </p>
   </div>
   <div class='ocr_carea' id='block_1_10' title="bbox 233 2704 1294 2787">
    <p class='ocr_par' dir='ltr' id='par_1_11' title="bbox 233 2704 1294 2787">
     <span class='ocr_line' id='line_1_20' title="bbox 233 2704 1294 2787; baseline -0.004 -18"><span class='ocrx_word' id='word_1_136' title='bbox 233 2729 296 2770; x_wconf 90' lang='lat' dir='ltr'>non</span> <span class='ocrx_word' id='word_1_137' title='bbox 330 2710 455 2769; x_wconf 85' lang='lat' dir='ltr'>tantum</span> <span class='ocrx_word' id='word_1_138' title='bbox 488 2705 627 2787; x_wconf 86' lang='lat' dir='ltr'>requiro,</span> <span class='ocrx_word' id='word_1_139' title='bbox 662 2705 786 2768; x_wconf 87' lang='lat' dir='ltr'>modica</span> <span class='ocrx_word' id='word_1_140' title='bbox 821 2704 1004 2768; x_wconf 84' lang='lat' dir='ltr'>condicione</span> <span class='ocrx_word' id='word_1_141' title='bbox 1040 2707 1205 2766; x_wconf 86' lang='lat' dir='ltr'>contentus</span> <span class='ocrx_word' id='word_1_142' title='bbox 1230 2724 1294 2766; x_wconf 89' lang='lat' dir='ltr'>ero.</span> 
     </span>
    </p>
   </div>
   <div class='ocr_carea' id='block_1_11' title="bbox 233 2827 1300 3906">
    <p class='ocr_par' dir='ltr' id='par_1_12' title="bbox 233 2827 1300 3906">
     <span class='ocr_line' id='line_1_21' title="bbox 234 2827 1295 2914; baseline -0.005 -20"><span class='ocrx_word' id='word_1_143' title='bbox 234 2829 268 2894; x_wconf 83' lang='lat' dir='ltr'>Si</span> <span class='ocrx_word' id='word_1_144' title='bbox 303 2830 432 2913; x_wconf 90' lang='lat' dir='ltr'>quidem</span> <span class='ocrx_word' id='word_1_145' title='bbox 466 2830 627 2911; x_wconf 85' lang='lat' dir='ltr'>responsio</span> <span class='ocrx_word' id='word_1_146' title='bbox 662 2836 838 2914; x_wconf 81' lang='lat' dir='ltr'>congruere</span> <span class='ocrx_word' id='word_1_147' title='bbox 864 2828 1050 2892; x_wconf 89' lang='lat' dir='ltr'>debetcum</span> <span class='ocrx_word' id='word_1_148' title='bbox 1076 2827 1126 2905; x_wconf 76' lang='lat' dir='ltr'>iis,</span> <span class='ocrx_word' id='word_1_149' title='bbox 1150 2849 1220 2911; x_wconf 88' lang='lat' dir='ltr'>quae</span> <span class='ocrx_word' id='word_1_150' title='bbox 1244 2849 1295 2889; x_wconf 92' lang='lat' dir='ltr'>re-</span> 
     </span>
     <span class='ocr_line' id='line_1_22' title="bbox 234 2952 1294 3038; baseline -0.003 -21"><span class='ocrx_word' id='word_1_151' title='bbox 234 2955 434 3038; x_wconf 89' lang='lat' dir='ltr'>sponsionem</span> <span class='ocrx_word' id='word_1_152' title='bbox 458 2954 642 3033; x_wconf 83' lang='lat' dir='ltr'>elicuerunt,</span> <span class='ocrx_word' id='word_1_153' title='bbox 666 2954 780 3017; x_wconf 86' lang='lat' dir='ltr'>lacuna</span> <span class='ocrx_word' id='word_1_154' title='bbox 805 2958 854 3016; x_wconf 92' lang='lat' dir='ltr'>est</span> <span class='ocrx_word' id='word_1_155' title='bbox 875 2953 959 3015; x_wconf 90' lang='lat' dir='ltr'>inter</span> <span class='ocrx_word' id='word_1_156' title='bbox 982 2974 1011 3016; x_wconf 84' lang='lat' dir='ltr'>v.</span> <span class='ocrx_word' id='word_1_157' title='bbox 1038 2953 1099 3015; x_wconf 80' lang='lat'>134</span> <span class='ocrx_word' id='word_1_158' title='bbox 1125 2956 1156 3014; x_wconf 90' lang='lat' dir='ltr'>et</span> <span class='ocrx_word' id='word_1_159' title='bbox 1172 2974 1200 3014; x_wconf 83' lang='lat' dir='ltr'>r.</span> <span class='ocrx_word' id='word_1_160' title='bbox 1220 2952 1294 3015; x_wconf 80' lang='lat'>135.</span> 
     </span>
     <span class='ocr_line' id='line_1_23' title="bbox 233 3075 1296 3162; baseline -0.004 -20"><span class='ocrx_word' id='word_1_161' title='bbox 233 3077 348 3162; x_wconf 86' lang='lat' dir='ltr'>Neque</span> <span class='ocrx_word' id='word_1_162' title='bbox 383 3079 468 3141; x_wconf 89' lang='lat' dir='ltr'>enim</span> <span class='ocrx_word' id='word_1_163' title='bbox 502 3079 566 3141; x_wconf 88' lang='lat' dir='ltr'>ulla</span> <span class='ocrx_word' id='word_1_164' title='bbox 601 3100 673 3160; x_wconf 89' lang='lat' dir='ltr'>spes</span> <span class='ocrx_word' id='word_1_165' title='bbox 709 3102 727 3141; x_wconf 88' lang='lat' dir='ltr'>a</span> <span class='ocrx_word' id='word_1_166' title='bbox 761 3081 857 3161; x_wconf 89' lang='lat' dir='ltr'>poeta</span> <span class='ocrx_word' id='word_1_167' title='bbox 892 3078 1054 3160; x_wconf 88' lang='lat' dir='ltr'>proposita</span> <span class='ocrx_word' id='word_1_168' title='bbox 1078 3079 1206 3139; x_wconf 85' lang='lat' dir='ltr'>estnec</span> <span class='ocrx_word' id='word_1_169' title='bbox 1230 3075 1296 3138; x_wconf 84' lang='lat' dir='ltr'>ulla</span> 
     </span>
     <span class='ocr_line' id='line_1_24' title="bbox 235 3199 1296 3286; baseline -0.005 -19"><span class='ocrx_word' id='word_1_170' title='bbox 235 3203 381 3286; x_wconf 82' lang='lat' dir='ltr'>exempla</span> <span class='ocrx_word' id='word_1_171' title='bbox 405 3202 514 3282; x_wconf 86' lang='lat' dir='ltr'>allata,</span> <span class='ocrx_word' id='word_1_172' title='bbox 538 3203 652 3286; x_wconf 86' lang='lat' dir='ltr'>quibus</span> <span class='ocrx_word' id='word_1_173' title='bbox 676 3201 922 3265; x_wconf 86' lang='lat' dir='ltr'>sollicitudinem</span> <span class='ocrx_word' id='word_1_174' title='bbox 945 3199 1069 3265; x_wconf 85' lang='lat' dir='ltr'>Naevoli</span> <span class='ocrx_word' id='word_1_175' title='bbox 1092 3200 1185 3264; x_wconf 78' lang='lat' dir='ltr'>levet.</span> <span class='ocrx_word' id='word_1_176' title='bbox 1225 3199 1296 3263; x_wconf 87' lang='lat' dir='ltr'>Ma-</span> 
     </span>
     <span class='ocr_line' id='line_1_25' title="bbox 234 3325 1297 3410; baseline -0.001 -21"><span class='ocrx_word' id='word_1_177' title='bbox 234 3327 387 3391; x_wconf 85' lang='lat' dir='ltr'>nifestum</span> <span class='ocrx_word' id='word_1_178' title='bbox 422 3332 480 3407; x_wconf 85' lang='lat' dir='ltr'>est,</span> <span class='ocrx_word' id='word_1_179' title='bbox 519 3331 646 3410; x_wconf 88' lang='lat' dir='ltr'>poetam</span> <span class='ocrx_word' id='word_1_180' title='bbox 680 3329 752 3409; x_wconf 90' lang='lat' dir='ltr'>post</span> <span class='ocrx_word' id='word_1_181' title='bbox 786 3349 815 3389; x_wconf 88' lang='lat' dir='ltr'>v.</span> <span class='ocrx_word' id='word_1_182' title='bbox 853 3325 915 3389; x_wconf 80' lang='lat'>134</span> <span class='ocrx_word' id='word_1_183' title='bbox 951 3325 1069 3407; x_wconf 90' lang='lat' dir='ltr'>aliquid</span> <span class='ocrx_word' id='word_1_184' title='bbox 1107 3325 1222 3388; x_wconf 85' lang='lat' dir='ltr'>dixisse</span> <span class='ocrx_word' id='word_1_185' title='bbox 1259 3325 1297 3388; x_wconf 91' lang='lat' dir='ltr'>de</span> 
     </span>
     <span class='ocr_line' id='line_1_26' title="bbox 237 3448 1298 3535; baseline -0.003 -22"><span class='ocrx_word' id='word_1_186' title='bbox 237 3451 372 3530; x_wconf 68' lang='lat' dir='ltr'>draucis</span> <span class='ocrx_word' id='word_1_187' title='bbox 408 3473 542 3535; x_wconf 92' lang='lat' dir='ltr'>quorum</span> <span class='ocrx_word' id='word_1_188' title='bbox 565 3473 615 3514; x_wconf 89' lang='lat' dir='ltr'>res</span> <span class='ocrx_word' id='word_1_189' title='bbox 640 3454 672 3513; x_wconf 87' lang='lat' dir='ltr'>et</span> <span class='ocrx_word' id='word_1_190' title='bbox 694 3451 829 3516; x_wconf 88' lang='lat' dir='ltr'>fortunae</span> <span class='ocrx_word' id='word_1_191' title='bbox 853 3449 1010 3533; x_wconf 87' lang='lat' dir='ltr'>patientia</span> <span class='ocrx_word' id='word_1_192' title='bbox 1034 3452 1065 3510; x_wconf 90' lang='lat' dir='ltr'>et</span> <span class='ocrx_word' id='word_1_193' title='bbox 1088 3449 1226 3532; x_wconf 85' lang='lat' dir='ltr'>impigro</span> <span class='ocrx_word' id='word_1_194' title='bbox 1249 3448 1298 3510; x_wconf 92' lang='lat' dir='ltr'>la-</span> 
     </span>
     <span class='ocr_line' id='line_1_27' title="bbox 234 3571 1298 3658; baseline -0.004 -19"><span class='ocrx_word' id='word_1_195' title='bbox 234 3575 311 3639; x_wconf 91' lang='lat' dir='ltr'>bore</span> <span class='ocrx_word' id='word_1_196' title='bbox 346 3576 515 3658; x_wconf 88' lang='lat' dir='ltr'>ampliores</span> <span class='ocrx_word' id='word_1_197' title='bbox 539 3575 632 3639; x_wconf 84' lang='lat' dir='ltr'>factae</span> <span class='ocrx_word' id='word_1_198' title='bbox 656 3575 738 3648; x_wconf 86' lang='lat' dir='ltr'>sint;</span> <span class='ocrx_word' id='word_1_199' title='bbox 772 3597 809 3638; x_wconf 90' lang='lat' dir='ltr'>ea</span> <span class='ocrx_word' id='word_1_200' title='bbox 832 3574 938 3638; x_wconf 88' lang='lat' dir='ltr'>omnia</span> <span class='ocrx_word' id='word_1_201' title='bbox 960 3571 1111 3637; x_wconf 85' lang='lat' dir='ltr'>Naevolus</span> <span class='ocrx_word' id='word_1_202' title='bbox 1135 3572 1298 3636; x_wconf 85' lang='lat' dir='ltr'>vindicare</span> 
     </span>
     <span class='ocr_line' id='line_1_28' title="bbox 235 3696 1298 3783; baseline -0.003 -22"><span class='ocrx_word' id='word_1_203' title='bbox 235 3721 297 3763; x_wconf 87' lang='lat' dir='ltr'>non</span> <span class='ocrx_word' id='word_1_204' title='bbox 332 3704 449 3783; x_wconf 85' lang='lat' dir='ltr'>potest,</span> <span class='ocrx_word' id='word_1_205' title='bbox 485 3723 557 3764; x_wconf 92' lang='lat' dir='ltr'>cum</span> <span class='ocrx_word' id='word_1_206' title='bbox 587 3700 620 3763; x_wconf 91' lang='lat' dir='ltr'>in</span> <span class='ocrx_word' id='word_1_207' title='bbox 643 3703 712 3763; x_wconf 84' lang='lat' dir='ltr'>tota</span> <span class='ocrx_word' id='word_1_208' title='bbox 735 3699 832 3763; x_wconf 86' lang='lat' dir='ltr'>satira</span> <span class='ocrx_word' id='word_1_209' title='bbox 856 3720 889 3762; x_wconf 92' lang='lat' dir='ltr'>se</span> <span class='ocrx_word' id='word_1_210' title='bbox 914 3698 953 3761; x_wconf 88' lang='lat' dir='ltr'>ad</span> <span class='ocrx_word' id='word_1_211' title='bbox 977 3697 1148 3773; x_wconf 82' lang='lat' dir='ltr'>miseriam,</span> <span class='ocrx_word' id='word_1_212' title='bbox 1172 3718 1234 3759; x_wconf 91' lang='lat' dir='ltr'>non</span> <span class='ocrx_word' id='word_1_213' title='bbox 1258 3696 1298 3759; x_wconf 92' lang='lat' dir='ltr'>ad</span> 
     </span>
     <span class='ocr_line' id='line_1_29' title="bbox 235 3819 1300 3906; baseline -0.004 -20"><span class='ocrx_word' id='word_1_214' title='bbox 235 3824 335 3889; x_wconf 85' lang='lat' dir='ltr'>vitam</span> <span class='ocrx_word' id='word_1_215' title='bbox 369 3828 495 3890; x_wconf 84' lang='lat' dir='ltr'>beatam</span> <span class='ocrx_word' id='word_1_216' title='bbox 529 3828 641 3888; x_wconf 87' lang='lat' dir='ltr'>natum</span> <span class='ocrx_word' id='word_1_217' title='bbox 675 3845 743 3887; x_wconf 84' lang='lat' dir='ltr'>esse</span> <span class='ocrx_word' id='word_1_218' title='bbox 779 3826 938 3906; x_wconf 74' lang='lat' dir='ltr'>queratur.</span> <span class='ocrx_word' id='word_1_219' title='bbox 985 3821 1046 3896; x_wconf 80' lang='lat' dir='ltr'>Qui</span> <span class='ocrx_word' id='word_1_220' title='bbox 1080 3821 1113 3884; x_wconf 92' lang='lat' dir='ltr'>in</span> <span class='ocrx_word' id='word_1_221' title='bbox 1137 3819 1300 3884; x_wconf 89' lang='lat' dir='ltr'>nonnullis</span> 
     </span>
    </p>
   </div>
   <div class='ocr_carea' id='block_1_12' title="bbox 234 3949 689 4035">
    <p class='ocr_par' dir='ltr' id='par_1_13' title="bbox 234 3949 689 4035">
     <span class='ocr_line' id='line_1_30' title="bbox 234 3949 689 4035; baseline 0.004 -24"><span class='ocrx_word' id='word_1_222' title='bbox 234 3950 324 4016; x_wconf 88' lang='lat' dir='ltr'>codd.</span> <span class='ocrx_word' id='word_1_223' title='bbox 348 3951 493 4035; x_wconf 88' lang='lat' dir='ltr'>sequitur</span> <span class='ocrx_word' id='word_1_224' title='bbox 514 3949 689 4015; x_wconf 76' lang='lat' dir='ltr'>versiculus</span> 
     </span>
    </p>
   </div>
   <div class='ocr_carea' id='block_1_13' title="bbox 0 0 1419 4612">
    <p class='ocr_par' dir='ltr' id='par_1_14' title="bbox 0 0 1419 4612">
     <span class='ocr_line' id='line_1_31' title="bbox 0 0 1419 4612; baseline 0 0"><span class='ocrx_word' id='word_1_225' title='bbox 0 0 1419 4612; x_wconf 95' lang='lat' dir='ltr'> </span> 
     </span>
    </p>
   </div>
  </div>
 </body>
</html>
