2828 4612
532 284 725 347 -127-

10 458 21 537 j·.
89 459 183 523 Satis
206 461 249 523 sit
273 458 341 524 haee
366 460 510 543 exemplu
534 465 653 525 temere
678 461 809 524 collecta
832 460 966 524 adferre.
1006 459 1159 542 Compro-

92 587 178 650 bant
202 608 242 649 ex
266 586 373 669 aliqua
396 589 487 668 parte
504 608 574 670 quae
592 587 807 649 demonstrare
824 586 996 649 voluimus:
1018 586 1102 648 idem
1120 585 1157 648 de

90 710 146 775 his
175 711 272 774 rebus
295 732 363 773 esse
388 711 540 773 iudicium
563 711 727 792 scriptoris
751 711 857 773 satirae
881 712 1002 792 quartae
1027 711 1157 774 decimae

91 838 193 918 atque
218 835 380 917 scriptoris
405 842 582 898 ceterarum
604 835 783 897 satirarum.

205 956 274 1023 Iam
308 959 333 1022 si
366 961 405 1022 ad
429 960 570 1044 singulos
594 981 703 1023 versus
727 960 953 1023 examinandos
976 960 1158 1038 transimus

89 1084 237 1168 primum
261 1084 427 1147 dicendum
452 1087 499 1148 est
523 1085 561 1146 de
586 1107 634 1147 vv.
662 1086 804 1148 15—18:

205 1233 306 1289 mItem
331 1232 460 1289 animuin
484 1236 515 1289 et
537 1251 632 1289 mores
656 1232 777 1290 modicis
802 1232 951 1290 erroribus
975 1250 1076 1307 aequos

204 1339 340 1414 praecipit
364 1343 453 1413 atque
478 1339 589 1396 animas
613 1358 766 1397 servorum
791 1343 821 1396 et
845 1358 968 1414 corpora
992 1344 1093 1396 nostra

122 1492 126 1499 .
205 1446 329 1503 materia
353 1450 487 1503 constare
511 1450 599 1520 putat
622 1446 803 1521 paribusque
828 1445 987 1513 elementis,

207 1573 244 1610 an
267 1553 370 1610 saevire
395 1554 479 1610 docet
502 1553 643 1609 Rutilus?

205 1706 391 1791 Ambigitur
416 1707 500 1770 enini
525 1707 562 1769 de
586 1708 682 1770 verbo
706 1709 798 1789 putat
821 1730 849 1770 v.
877 1709 928 1772 17.
974 1706 1062 1781 Quod
1087 1728 1157 1770 curn

90 1831 318 1896 Wakefieldus
349 1853 434 1914 aegre
459 1831 558 1894 ferret
581 1835 614 1894 et
637 1832 731 1894 simul
755 1832 942 1895 attributum
968 1833 1158 1896 substantivi

90 1957 233 2021 materia
257 1957 461 2022 desideraret.
486 1978 541 2038 pro
565 1962 657 2039 putat
681 1957 751 2038 puri
774 1957 910 2040 scripsit.
957 1957 1158 2020 Attribntunr

22 2104 27 2109 ·
91 2104 173 2147 vero
197 2081 385 2145 substantivi
409 2082 544 2142 materis
568 2103 607 2143 ex
630 2081 786 2143 adieetivo
810 2081 939 2163 paribus
964 2083 1073 2157 eodem
1089 2082 1157 2145 iure

93 2227 225 2270 sumere
250 2227 423 2288 possemus
449 2205 474 2265 si
500 2227 536 2266 eo
560 2205 686 2266 omnino
707 2227 785 2287 opus
803 2209 894 2279 esset,
912 2227 973 2286 qun
989 2203 1079 2267 XIII.
1098 2209 1156 2270 ‘282

273 2372 351 2410 nunc
376 2355 446 2408 aetus
471 2352 571 2426 egitur
593 2353 752 2426 peioraque
776 2354 884 2410 saecula
908 2354 979 2410 ferri

93 2508 154 2573 ubi
191 2508 229 2570 ad
264 2529 373 2570 vocem
408 2511 484 2569 aetas
518 2506 717 2583 adieetivum‚
743 2507 825 2590 quod
849 2510 897 2569 est
919 2508 1017 2589 peior,
1042 2530 1058 2570 e
1083 2530 1157 2572 voce

94 2633 270 2717 peioraque
306 2635 476 2712 sumptum,
509 2632 662 2695 eudimus.
709 2630 756 2694 Re
780 2653 865 2710 vera,
889 2632 916 2694 si
939 2633 1008 2714 pari
1033 2633 1157 2717 legere-

94 2778 179 2832 mus
214 2757 348 2818 materia
383 2756 444 2817 duo
479 2757 632 2819 attributa
667 2755 809 2819 haberet.
857 2754 918 2819 Sed
951 2779 1053 2840 neque
1078 2780 1158 2840 opus

35 2930 38 2939 .
96 2885 148 2946 est
177 2881 247 2963 peri
271 2880 409 2943 seribere
434 2901 546 2962 neque,
571 2881 596 2941 si
620 2883 713 2963 putat
736 2880 918 2959 retinemus,
942 2883 1013 2963 pari
1036 2904 1075 2945 ex
1098 2905 1154 2964 pa-

95 3006 187 3070 ribus
222 3026 355 3067 sumere.
403 3005 603 3068 Attributum
627 3005 817 3067 substantivi
841 3006 975 3068 materia
998 3007 1159 3069 Invenitur

95 3132 132 3194 in
156 3130 261 3212 priore
284 3151 391 3192 versu:
416 3133 539 3203 nostre;
569 3149 701 3211 corpora
725 3130 809 3192 enim
833 3130 1087 3214 coniungendnni
1111 3135 1158 3193 est

96 3276 172 3318 cum
207 3275 378 3330 servornm,
414 3275 476 3316 non
505 3275 575 3316 cum
599 3257 716 3316 nostra.
762 3251 875 3335 Neque
900 3257 948 3315 est
971 3275 1027 3316 cur
1049 3257 1157 3332 verbe,

96 3378 184 3462 quod
216 3380 264 3440 est
286 3381 388 3459 putat,
412 3377 573 3454 laedamur,
599 3377 682 3439 inter
704 3377 851 3458 praecipit
875 3382 907 3439 et
931 3378 1021 3441 docet
1044 3378 1157 3460 positu,

97 3525 172 3567 eum
195 3501 373 3585 propinqua
397 3523 504 3563 eorum
528 3500 720 3584 significatio
744 3501 806 3563 diei
829 3502 937 3585 possit.

206 3623 247 3688 V.
271 3627 313 3688 25
338 3625 474 3688 Kiaerius
498 3625 688 3688 adiectivurn
713 3626 848 3688 rusticus
873 3648 943 3689 cum
960 3649 1068 3690 carcer
1084 3649 1158 3690 con-

98 3751 216 3834 iungit,
255 3750 338 3832 quod
376 3749 436 3812 hoe
471 3750 704 3813 substantivum
740 3751 927 3813 attributum
962 3753 1104 3833 requirat
1123 3753 1157 3832 ¹).

211 3959 230 4027 ²)
250 3961 327 4014 Krrnn
346 3961 364 4014 l.
384 3962 402 4013 I.
422 3979 448 4028 p.
470 3962 510 4014 79.
