2828 4612
625 316 797 379 ,77-

330 517 364 557 ae
388 498 498 556 nudam
522 498 646 574 effigiem
671 498 765 574 clipeo
788 498 930 556 venientis
955 502 984 556 et
1006 500 1091 557 hasta

329 606 543 680 pendentisque
567 605 613 663 dei
628 602 769 680 'perituro
793 606 961 664 ostenderet
984 606 1062 664 hosti

175 759 277 824 Poeta
313 759 400 838 dieii,
428 760 582 823 cassidem
605 759 715 822 militis
739 759 875 822 Romani
898 760 1040 842 perituro
1064 760 1146 824 hosti
1171 761 1238 824 effi-

174 884 265 969 giem
300 883 413 947 Mariis
437 885 612 962 ostendere,
636 884 792 947 venientis
817 883 919 965 clipeo
943 887 975 946 ei
997 883 1088 947 hasta
1113 887 1144 947 et
1160 906 1237 966 pen·

176 1009 294 1072 dentis.
332 1007 366 1072 Si
389 1004 518 1091 quidem
540 1010 647 1072 minax
673 1009 792 1091 aliquid
816 1007 889 1090 huie
914 1009 1047 1090 imagini
1064 1010 1237 1072 attribuere

176 1133 292 1210 voluit,
328 1132 448 1215 clipeus
485 1137 516 1196 ei
549 1133 641 1196 hasta
674 1134 846 1197 desiderari
869 1133 923 1195 vix
946 1136 1086 1216 possunt.
1132 1132 1238 1196 Minus

177 1258 280 1342 igitur
302 1258 476 1339 probabilis
493 1258 650 1320 sententia
666 1257 854 1321 Buecheleri
871 1258 1005 1333 videtur,
1022 1260 1120 1322 verba
1136 1259 1238 1341 clipeo

176 1385 211 1445 et
246 1381 340 1445 hasta
375 1405 393 1445 a
420 1383 518 1446 verbo
539 1383 657 1445 nudam
681 1383 818 1465 pendere
838 1383 872 1464 ¹).
919 1381 985 1445 Alii
1010 1383 1103 1445 aliter
1126 1384 1164 1445 de
1188 1382 1237 1445 his

174 1507 323 1571 versibus
358 1507 530 1590 disputani'.
591 1506 691 1571 Credo
724 1507 864 1590 effigiem
898 1506 1012 1570 Martis
1047 1507 1081 1569 in
1115 1529 1238 1570 summa

177 1631 274 1716 galea
309 1631 416 1708 fuisse,
452 1634 485 1695 et
518 1632 563 1695 iia
597 1632 725 1715 quidem
758 1632 886 1709 saetam,
910 1636 945 1694 ui
969 1632 1055 1711 dene,
1080 1632 1182 1713 clipeo
1206 1634 1238 1694 et

174 1731 273 1820 hasta
300 1761 449 1829 armatae,
474 1756 715 1838 proclinareiur‚
740 1759 902 1838 tamquam
926 1757 952 1819 si
977 1761 1009 1819 et
1032 1777 1102 1819 suos
1127 1755 1238 1818 defen·
1318 1801 1320 1806 -

177 1881 255 1944 dere
292 1885 323 1945 et
356 1881 462 1945 hostes
492 1882 612 1944 ierrere
636 1881 742 1944 vellet.
790 1880 854 1946 cfr.
879 1882 962 1964 quod
987 1882 1024 1944 de
1049 1903 1087 1944 ea
1110 1891 1239 1944 remea

176 2006 309 2089 quidem
333 2005 491 2069 sententia
514 2007 594 2069 bene
619 2006 793 2088 disputavit
816 2004 973 2068 Schrader
989 2005 1025 2087 2).

291 2234 309 2304 ¹)
330 2237 360 2290 F.
387 2237 544 2290 Bftcaanaa:
573 2235 757 2289 Coniectanea
776 2236 809 2288 de
828 2235 896 2288 Silio
915 2235 1047 2288 Iuvenale
1067 2234 1166 2288 Plauto
1186 2237 1237 2288 oet.

176 2327 250 2382 Mus.
270 2326 357 2380 Rhen.
377 2325 478 2378 XXXV
498 2323 589 2390 (1880)
609 2343 655 2392 pp.
675 2325 726 2377 390
746 2343 804 2391 sqq.

290 2411 310 2481 ²)
330 2414 485 2468 Souannan:
510 2401 584 2466 Uber
603 2413 734 2466 Juvenals
753 2413 790 2464 XI
810 2413 867 2466 sa.
882 2431 926 2466 vv.
941 2413 1089 2466 loo-ior.
1118 2413 1239 2481 Gymna-

175 2503 328 2573 sialprogr.
365 2502 480 2556 Stendal
500 2502 577 2554 1831.
