2828 4612
526 310 721 373 -117—

200 486 313 571 Pergit
347 492 442 570 poeta
477 488 621 570 pluribus
658 488 811 569 exemplis
846 490 1036 553 sententiam
1063 512 1153 553 suani

79 600 289 677 confirmare.
336 613 493 695 Exempla
516 612 679 675 hominum
704 613 820 690 attulit,
842 614 950 676 attulit
966 615 1151 677 animalium

80 760 227 820 quoque,
251 738 316 800 iam
339 728 379 800 {id
396 738 538 801 homines
554 738 637 800 redit
653 737 716 820 (vv.
735 739 911 820 86-106),
948 740 996 825 gio
1013 739 1152 822 primum

82 863 220 946 quidem
256 862 421 927 Cretonius
456 863 510 925 ille
546 864 715 941 inducitur,
751 864 806 946 qui
830 865 1005 928 aedificator
1028 869 1097 927 erat
1121 870 1153 927 et

83 988 185 1051 villas
209 988 479 1070 splendidissimas
503 989 619 1071 ubique
644 989 705 1051 sibi
729 992 891 1052 exstruere
908 990 1038 1054 solebat.
1075 988 1151 1063 Qui-

85 1114 151 1176 bus
168 1113 347 1194 sumptibus
364 1113 538 1175 immodicis
555 1135 621 1176 rem
638 1113 806 1190 imminuit,
821 1117 927 1176 tamen
943 1113 1153 1176 hereditatem

87 1238 263 1301 admodum
298 1259 448 1320 magnam
472 1237 537 1300 filio
561 1237 699 1320 reliquit,
724 1261 819 1320 quam
842 1242 940 1300 totam
965 1238 1019 1301 ille
1043 1239 1154 1301 eadem

86 1362 221 1425 luxuria
245 1362 412 1444 dissipavit
435 1362 498 1443 (vv.
524 1362 677 1442 86-115).
717 1362 840 1425 Deinde
865 1367 959 1444 poeta
983 1359 1103 1424 Iudaeos
1119 1363 1154 1425 in

94 1508 235 1550 scaenam
260 1487 390 1564 inducit,
415 1491 450 1548 ut
473 1488 628 1564 ostendat,
646 1509 741 1569 quam
757 1488 883 1549 firmum
899 1487 977 1549 illud
993 1487 1154 1550 vinculum

87 1611 144 1689 sit,
180 1612 263 1693 quod
287 1611 369 1673 filios
393 1633 463 1674 cum
488 1612 632 1693 patribus
657 1613 841 1692 coniungat:
879 1611 960 1674 tilios
985 1611 1068 1673 enim
1091 1632 1152 1674 non

87 1737 185 1799 modo
208 1737 352 1812 virtutes,
377 1758 487 1798 verum
509 1736 603 1798 etiam
622 1758 743 1799 errores
759 1740 925 1818 parentum
942 1758 1064 1798 summa
1080 1757 1153 1818 per·

87 1860 244 1923 tinacia
234 1860 305 1922 imit
308 1861 354 1922 ari
378 1859 441 1941 (vv.
468 1862 551 1922 1111-
512 1860 642 1941 -1116).

201 1984 278 2048 Haec
314 1986 400 2067 prior
435 2007 509 2067 pars
534 1989 603 2048 erat
625 1986 742 2063 satirae,
767 2008 804 2048 ea
828 1986 906 2048 vitia
930 1984 1152 2067 complectens

89 2132 164 2193 quae
200 2109 316 2173 liberos
351 2112 462 2191 sponte
496 2110 615 2172 imitari
645 2111 723 2173 dicit
745 2114 852 2192 poeta;
888 2110 952 2172 iam
975 2109 1089 2171 transit
1114 2109 1152 2170 ad

90 2235 272 2312 avaritiam,
307 2235 389 2317 quod
424 2235 536 2296 vitium
572 2257 661 2296 eoa
689 2235 803 2296 ceteris
829 2235 954 2295 differre
972 2233 1151 2309 contendit,

90 2359 178 2442 quod
213 2359 280 2435 filii,
317 2359 412 2421 etiam
449 2359 474 2420 si
511 2358 633 2432 animus
670 2359 708 2420 ad
733 2358 900 2420 avaritiam
924 2379 987 2419 non
1011 2356 1151 2433 inclinet,

89 2489 201 2547 tamen
236 2506 305 2546 eam
341 2505 487 2546 exercere
516 2483 694 2558 iubeantur,
719 2505 791 2546 cum
815 2486 963 2564 parentes
987 2481 1152 2544 honestam

90 2608 200 2690 potius
231 2631 326 2690 quam
350 2607 550 2670 inhonestam
575 2629 644 2670 eam
669 2629 736 2669 esse
761 2608 965 2670 arbitrentur.
1012 2606 1152 2670 Primum

92 2732 180 2795 enim
213 2732 273 2796 hoc
307 2732 418 2795 vitium
455 2754 508 2795 eos
542 2732 626 2794 t'alht
649 2732 754 2814 specie
778 2733 916 2814 quadam
938 2732 1065 2795 virtutis
1089 2731 1152 2813 (vv.

47 2902 50 2907 -
95 2858 224 2920 107-1
236 2858 296 2937 11),
323 2857 435 2919 deimle
460 2856 551 2919 honio
568 2879 681 2919 avarus
698 2880 716 2918 a
733 2857 864 2933 civibus,
881 2861 1044 2939 tamquam
1061 2877 1153 2939 egre-

29 3062 36 3069 ·
97 2982 169 3065 gius
194 2981 382 3064 adquirendi
406 2981 531 3059 artifex,
560 2981 640 3043 bene
664 2981 753 3042 audit
776 2981 838 3059 (vv.
866 2982 1153 3061 llo-118),tu1n

94 3109 188 3189 pater
223 3107 332 3168 eodem
368 3127 473 3168 errore
509 3105 669 3186 deceptus
705 3105 760 3187 qui
795 3105 882 3168 aveni
918 3106 990 3179 sint,
1027 3105 1153 3167 eosdem

93 3230 204 3293 felices
239 3252 363 3313 quoque
400 3251 467 3292 esse
499 3233 591 3311 putat
615 3233 646 3291 et
669 3229 799 3292 iuvenes
822 3229 987 3303 hortatur,
1002 3233 1037 3291 ut
1059 3229 1153 3290 istam

93 3355 180 3418 viam
215 3357 323 3418 tenere
360 3359 497 3438 pergant
531 3354 594 3434 (vv.
633 3356 830 3428 llo—122).
877 3352 978 3427 Quam
1013 3354 1052 3416 ob
1087 3375 1155 3415 rem

94 3501 148 3543 eos
171 3478 230 3542 hoc
254 3480 342 3557 vitio,
367 3501 428 3561 quo
451 3479 519 3561 ipse
542 3479 677 3557 laborat,
703 3479 810 3541 dedita
833 3500 929 3560 opera
952 3477 1066 3541 imbuit
1090 3476 1153 3557 (vv.

96 3604 295 3685 123--134).

202 3727 278 3802 Quae
315 3728 420 3792 omnia
454 3732 489 3790 ut
523 3750 605 3791 vana
629 3733 661 3790 et
683 3728 765 3790 falsa
789 3749 856 3790 esse
881 3727 1028 3790 ostendat
1050 3730 1153 3808 poeta,

93 3852 310 3917 insatiabilem
335 3874 402 3915 esse
427 3852 635 3934 cupiditatem
660 3853 842 3915 divitiarum
861 3852 1056 3914 demonstrat
1072 3872 1154 3913 sem-

93 3998 215 4061 perque
239 3976 310 4059 plus
334 3979 495 4059 appetere,
520 3977 574 4060 qui
590 3976 725 4039 multum
740 3977 858 4040 habeat
873 3975 936 4056 (vv.
955 3972 1152 4054 135--144),
