2828 4612
617 322 789 384 ..52...

170 498 357 564 Alexander
380 500 492 563 deinde
515 499 620 563 subito
635 499 811 576 inducitur;
836 498 980 563 versibus
996 499 1034 562 de
1051 499 1106 562 illo
1122 498 1240 574 finitis,

171 625 241 690 haec
266 625 438 735 adduntur:

671 732 684 769 ι
709 791 788 831 mors
812 772 873 830 sola
897 773 1020 842 fatetur,

402 879 546 953 quantula
570 878 629 935 sint
651 878 804 936 hominum
828 880 1019 953 corpuscula!

277 1056 344 1122 Iam
368 1058 496 1122 Xerxen
519 1059 552 1122 in
575 1080 711 1121 scaenam
735 1058 907 1122 introducit
930 1064 1035 1142 poeta,
1059 1058 1147 1122 nulla
1171 1059 1240 1124 alia

171 1184 357 1247 transitione
393 1183 545 1260 adhibita,
581 1183 642 1246 nisi
677 1183 835 1246 sententia
869 1183 934 1261 illa,
959 1205 1021 1265 qua
1045 1205 1154 1246 versus
1179 1185 1240 1267 qui
1286 1193 1291 1202 '

171 1312 246 1371 sunt
270 1309 307 1370 de
332 1307 437 1371 Xerxe
463 1309 504 1371 ab
527 1307 566 1370 iis
590 1311 788 1389 separantur,
812 1308 865 1390 qui
890 1310 963 1370 sunt
980 1308 1018 1370 de
1035 1307 1235 1372 Alexandro

175 1432 282 1516 Atque
317 1438 388 1516 post
422 1456 473 1497 vv.
510 1433 681 1496 173-186
710 1432 845 1496 similem
869 1433 1060 1496 sententiam
1084 1432 1152 1496 iure
1178 1455 1239 1497 ex-

174 1560 317 1641 spectes3
353 1557 449 1620 immo
485 1579 521 1619 eo
555 1557 675 1620 maiore
710 1558 787 1634 iure,
823 1557 906 1639 quod
934 1556 1073 1620 hicnon
1096 1557 1189 1621 ruodo
1214 1559 1242 1622 ii

174 1704 311 1760 uersusv
331 1682 385 1764 qui
420 1685 494 1743 sunt
524 1681 561 1743 de
585 1680 700 1758 Xerxe,
725 1680 822 1743 finem
845 1681 984 1763 capiunt,
1009 1681 1065 1743 sed
1088 1683 1156 1744 tota
1180 1682 1242 1746 illa

175 1807 213 1869 de
248 1806 374 1890 magnis
409 1804 653 1887 imperatoribus
678 1826 750 1887 pars
775 1805 891 1868 satirae.
938 1802 1029 1866 Nihil
1052 1826 1127 1868 vero
1151 1808 1242 1888 apud

173 1926 359 1992 Iuvenalem
382 1929 529 1991 usitatius
553 1949 620 1991 esse
645 1950 740 2011 quam
764 1929 830 1991 eius
847 1929 930 1992 modi
946 1928 1120 1991 sententias
1137 1950 1241 2012 gene·
1322 1972 1325 1980 ·

172 2053 266 2131 rales,
290 2052 361 2136 plus
385 2051 484 2114 semel
508 2052 799 2115 demonstravimus
838 2051 885 2115 Re
910 2073 986 2115 vera
1005 2053 1100 2134 quem
1116 2054 1237 2135 quaeri·

174 2200 244 2241 mus
269 2180 372 2240 exstat
394 2199 514 2241 versus,
561 2176 630 2240 nse.
655 2200 684 2240 v.
711 2178 790 2240 187:

354 2345 406 2401 has
430 2343 539 2401 totiens
563 2347 667 2418 optata
691 2342 788 2418 exegit
810 2342 905 2418 gloria
928 2346 1056 2416 poenas!

176 2507 240 2571 ofr.
265 2505 324 2571 VI.
349 2508 427 2570 626:

303 2655 380 2711 tanti
402 2657 508 2728 partus
532 2672 625 2727 equae,
651 2653 728 2710 tanti
751 2672 810 2709 una
833 2648 962 2711 venefica
986 2658 1116 2712 constat!

178 2771 268 2871 lllll.
295 2808 373 2871 208:
402 2812 455 2870 lias
479 2813 593 2887 patitur
616 2831 725 2886 poenas
749 2813 888 2886 peooandi
912 2815 974 2872 sola
997 2816 1135 2872 voluntas
1149 2811 1174 2885 1)

282 2984 350 3048 Hoe
375 2985 412 3048 de
437 2985 642 3067 dispositione
668 2985 849 3062 constituto,
875 2988 1045 3068 antequam
1069 2987 1240 3070 progredi-

178 3133 277 3186 amur,
314 3109 434 3191 aliquid
465 3110 626 3188 addamne,
651 3110 734 3192 quod
759 3109 1012 3188 declamatorem,
1037 3133 1132 3193 quem
1154 3110 1241 3174 hano

177 3289 389 3297 ——-————-

287 3392 306 3460 ¹)
327 3393 500 3460 Quamquam
520 3409 752 3460 supervacaneum
772 3393 861 3447 videri
873 3395 974 3460 potest,
988 3393 1041 3446 duo
1055 3410 1149 3446 versus
1162 3411 1241 3449 aoce-

179 3483 256 3544 dant‚
282 3483 330 3550 qui
350 3482 423 3550 apud
442 3481 512 3535 alios
531 3481 641 3549 quidem
662 3481 808 3549 scriptores
827 3482 965 3550 leguntur,
986 3482 1033 3535 sed
1052 3500 1186 3550 magnam
1205 3501 1241 3537 ex

179 3570 255 3624 omni
282 3575 361 3639 parte
389 3570 600 3624 similitudinem
629 3570 755 3638 praebent
783 3589 844 3623 oum
871 3570 915 3631 iis,
943 3588 1011 3637 quos
1040 3589 1123 3639 supra
1148 3571 1239 3640 posui.

179 3661 260 3714 Alter
278 3663 320 3713 est
339 3659 499 3713 notissimus
519 3659 567 3713 ille
588 3658 683 3724 (Vana.
705 3660 771 3714 Aen.
790 3661 812 3712 Ι.
832 3659 893 3726 33);

374 3757 450 3818 tantia
469 3773 544 3821 molis
564 3775 618 3818 erat
636 3774 775 3819 Romanam
794 3773 902 3818 condere
920 3775 1033 3830 genteml

180 3891 260 3945 Alter
278 3891 390 3944 Lucana·
410 3891 431 3942 l.
452 3891 517 3944 101:

374 4006 473 4050 tantum
491 4004 581 4062 religio
600 4007 686 4064 potuit
706 4005 813 4050 suadere
831 4005 968 4050 malorum!
