3062 4808
592 404 766 466 —91-

140 601 214 662 quae
241 581 356 644 ceteris
380 579 473 644 huius
498 569 604 644 satirae
628 580 704 644 locis
729 539 872 663 deliquit.
911 579 1024 644 Artem
1049 576 1209 644 luvenali-

142 727 240 768 anam
264 705 411 769 redolent
434 706 489 788 qui
513 705 576 768 iam
599 706 633 769 in
655 705 816 788 principio
839 704 901 785 (vv.
927 705 1071 786 95-.98)
1095 705 1209 789 legun·
1244 765 1249 768 .

142 832 207 908 tur,
233 843 298 894 nec'
318 830 374 912 qui
398 835 573 913 sequuntur
596 830 769 931 deteriores
793 833 876 892 sunl.
922 827 962 893 V.
988 829 1068 894 110:

232 989 352 1062 parbem
376 987 506 1061 aliquam
530 987 601 1045 belli
625 991 655 1046 et
678 991 796 1045 euntem
820 987 849 1044 in
873 987 985 1062 proclia
1008 991 1123 1045 turrem

141 1148 269 1212 hiatum
304 1149 402 1214 habet
431 1150 539 1228 talem,
564 1151 673 1233 quales
698 1151 781 1233 apud
805 1146 989 1213 Iuvenalem
1012 1150 1120 1233 plures
1143 1151 1208 1214 iam

141 1275 283 1338 vidimus
308 1273 388 1357 (cfr.
412 1297 507 1357 supra
531 1276 570 1338 ad
594 1273 634 1338 X.
656 1275 721 1356 54).
757 1273 896 1358 Syllaba,
913 1297 983 1357 quae
1001 1278 1049 1337 est
1065 1274 1098 1375 in
1114 1274 1208 1354 bhesi,

139 1399 240 1484 longa
254 1405 312 1464 est.
337 1399 485 1464 Weiseus
497 1400 578 1484 legib
591 1421 662 1463 cum
676 1397 858 1478 Weidnero
871 1397 993 1478 Iahni0‚
1011 1399 1207 1464 Hermanno:

208 1567 329 1642 parbem
353 1565 483 1640 aliquam
506 1566 634 1640 bellique
659 1530 689 1624 eb
712 1568 831 1624 euntem
854 1566 885 1622 in
907 1566 1019 1640 proelia
1042 1569 1156 1624 turrem

82 1787 85 1792 Δ
140 1726 225 1791 hanc
262 1727 431 1792 lectionem
466 1689 581 1808 codicis
616 1727 652 1792 P.
688 1750 756 1794 esse
787 1729 958 1792 adfirmans
978 1729 1015 1809 ¹);
1039 1727 1226 1793 lectionem¹

28 1879 34 1886 ·
140 1873 217 1915 uero
254 1851 428 1936 genuinam
463 1853 530 1914 cod.
555 1851 590 1915 P.
615 1873 679 1915 nou
702 1852 841 1935 bellique
866 1852 1027 1935 (belliqeb)
1051 1853 1107 1916 sed
1131 1853 1207 1917 belli

141 1977 174 2038 ei
200 1997 282 2054 esse,
308 1975 440 2040 Boetius
464 1977 603 2040 ostendii
616 1976 652 2052 2).
692 1976 812 2041 Tamen
836 1983 966 2061 propter
983 1977 1207 2042 cohaerentiam

140 2101 315 2165 verborum
337 2101 441 2180 lectio,
466 2123 536 2184 quae
561 2103 608 2164 esi
632 2101 781 2185 bellique,
805 2102 1005 2185 praeferenda
1028 2106 1086 2165 esl.

250 2225 292 2290 V.
318 2227 396 2290 115:

327 2366 402 2423 aller
426 2364 512 2434 enirn,
537 2364 561 2422 si
585 2366 727 2448 concedas
750 2370 880 2424 mactare
904 2367 1025 2425 vovebit

143 2518 281 2583 formam
319 2519 545 2601 occupalicnia
585 2541 655 2601 quae
696 2519 820 2598 dicitur,
860 2519 1015 2598 adhiberi,
1051 2519 1207 2584 Weidner

141 2648 262 2723 monet,
286 2648 326 2739 ul¹
344 2645 413 2708 haeo
437 2644 629 2728 significatio
653 2645 686 2707 in
709 2646 806 2708 verbo
824 2645 907 2708 enim
922 2645 1014 2708 insit:
1040 2646 1206 2728 namquid

141 2789 204 2853 ego
229 2770 333 2859 dicam
358 2770 418 2833 de?
452 2767 575 2833 Novam
601 2769 701 2854 igilur
723 2791 891 2852 personam
911 2769 961 2832 his
977 2771 1082 2834 verbis
1099 2770 1206 2834 induci

133 2895 273 2958 foredere
308 2895 443 2970 videtur,
472 2896 556 2978 quod
579 2898 687 2958 tamen
710 2895 827 2959 falsum
850 2900 906 2972 est,
932 2919 1005 2958 nam
1029 2918 1206 2960 sermonem

141 3039 211 3081 esse
247 3019 285 3082 de
310 3017 420 3082 Histro
443 3018 582 3082 Pacuvio
607 3021 707 3101 deque
733 3020 800 3083 eius
824 3020 891 3082 filia
915 3043 931 3084 e
955 3042 1005 3084 vv.
1033 3022 1205 3085 125-127

136 3143 220 3206 calis
245 3154 387 3226 apparet.
427 3142 582 3207 Weidner
606 3145 643 3207 de
668 3143 726 3208 hoc
749 3145 820 3208 loco
841 3146 952 3208 eodem
967 3146 1059 3209 modo
1076 3145 1206 3226 iudicat,

142 3289 206 3349 quo
231 3269 270 3332 de
295 3266 353 3332 ΙΙΙ.
380 3271 460 3334 132:

327 3419 402 3475 alter
426 3417 502 3475 enim
527 3424 674 3492 quantum
697 3417 727 3474 in
751 3418 865 3494 legione
889 3417 1002 3476 tribuni

146 3577 149 3584 “
252 3569 353 3645 Quam
389 3571 580 3635 sententiam
614 3569 782 3634 Weidneri
806 3574 879 3634 aule
903 3571 1038 3636 refutavi
1055 3572 1094 3652 ⁸),
1125 3573 1206 3636 iam-

143 3715 205 3776 que
245 3693 530 3782 Bergmuellerum,
577 3693 736 3782 longium‚
775 3695 1009 3776 Meinerlzium
1048 3695 1206 3762 Wirzium

255 3907 274 3976 ¹)
295 3909 388 3962 Wmsn
407 3909 425 3962 l.
445 3909 464 3962 l.
483 3928 511 3978 p.
530 3909 572 3964 63.

254 3995 274 4066 ⁹)
295 3999 367 4051 Bmou
386 3997 404 4052 l.
424 3998 443 4051 l.
462 4017 489 4068 p.
510 4000 551 4053 76.

254 4085 274 4154 ⁸)
294 4087 415 4141 Grnnmo
434 4087 452 4142 l.
473 4089 490 4142 l.
510 4105 556 4157 pp.
576 4087 690 4142 32—33.
