2828 4612
631 302 803 363 ,99-

174 482 251 542 tam
287 482 356 543 arte
387 501 458 542 cum
481 479 520 541 iis
544 478 652 542 iuncta
676 482 758 557 sunt,
782 500 853 561 quae
877 500 927 542 vv.
953 477 1245 542 70-74ve1iam

174 604 212 666 in
251 604 381 667 exordio
409 604 569 688 leguntur,
594 607 638 680 ut,
663 603 853 666 intermissis
876 625 927 666 vv.
953 603 1116 680 75-119‚
1141 602 1244 666 cohae-

175 729 287 791 rentia
314 729 379 792 ullo
402 729 493 791 modo
517 728 641 792 turbari
665 728 797 790 dicatur.
845 726 906 791 Vv.
933 728 1106 792 120—173
1130 727 1244 810 empli-

177 853 365 916 ficationem
386 856 544 935 praeterea
568 853 730 916 continent
754 856 785 915 et
807 852 859 915 vel
882 852 944 934 ipsi
961 851 1088 915 defendi
1102 855 1244 934 possunt,

177 999 376 1061 quamquam
409 999 474 1040 non
496 999 588 1061 nego,
620 998 784 1040 commune
809 998 861 1040 eos
886 976 1006 1059 aliquid
1029 976 1148 1040 hebere
1173 998 1244 1040 cum

176 1103 231 1180 iis,
268 1124 339 1185 quae
375 1104 621 1165 antecesserunt.
668 1101 698 1165 A
733 1124 783 1165 vv.
817 1100 946 1164 70-74
971 1102 1010 1163 ed
1033 1123 1083 1164 vv.
1110 1101 1150 1164 75
1174 1123 1243 1184 sqq.

177 1231 277 1310 poeta
311 1227 446 1290 transire
472 1227 576 1325 ¹facile
611 1231 738 1309 poterat
774 1248 855 1301 cum,
892 1226 997 1288 allatis
1029 1226 1093 1289 illis
1116 1226 1243 1290 maioris

179 1352 290 1414 damni
314 1351 480 1434 exemplis,
505 1351 534 1415 ei
558 1351 591 1413 in
615 1356 753 1414 mentem
777 1351 901 1435 veniret
925 1351 962 1414 de
986 1351 1082 1413 variis
1100 1351 1243 1414 artificiis

179 1475 348 1553 disserere,
372 1477 487 1558 quibus
504 1475 646 1539 homines
663 1474 914 1559 perfidiosissimi
931 1477 978 1538 tot
995 1477 1107 1538 ettam
1124 1497 1243 1559 magna

179 1601 268 1663 furta
291 1600 443 1684 obtegere
467 1600 620 1664 solebant.

289 1724 459 1807 Duplicem
482 1728 589 1787 tamen
613 1747 685 1788 oum
700 1724 854 1788 Teuffelio
871 1724 1086 1788 recensionem
1102 1727 1242 1788 statuere

180 1849 397 1933 Mosengelius
433 1871 496 1913 non
529 1850 608 1928 vult,
644 1871 715 1912 cum
739 1849 888 1932 repetitio
911 1849 1050 1912 eiusdem
1076 1850 1241 1913 sententiae

181 1975 267 2057 apud
302 1971 483 2038 iuvenalem
518 1995 582 2037 non
618 1978 739 2038 certum
775 1973 910 2056 duplicis
943 1974 1133 2037 recensionis
1159 1974 1243 2037 indi-

179 2100 267 2162 cium
290 2098 341 2176 sit,
365 2099 397 2162 id
422 2099 504 2181 quod
528 2099 606 2161 mihi
630 2121 754 2181 quoque
778 2099 913 2161 videtur.

288 2221 484 2286 Ribbeckius
507 2226 606 2285 totam
629 2222 760 2285 satiram
784 2245 802 2284 a
826 2220 975 2284 iuvenale
999 2221 1128 2304 quidem
1151 2223 1243 2285 abiu-

179 2348 278 2425 dicat,
301 2347 370 2411 vult
392 2351 499 2410 tamen
523 2347 619 2408 etiam
636 2346 884 2421 declamationis
903 2367 998 2427 quam
1013 2349 1114 2423 vocat,
1131 2366 1242 2408 versus

178 2472 213 2534 in
238 2471 382 2535 ordinem
405 2474 526 2534 certum
550 2474 582 2533 et
605 2470 804 2553 probabilem
829 2469 986 2553 redigere,
1004 2490 1098 2552 quam
1116 2471 1240 2532 obrem

177 2597 283 2659 multa
305 2618 391 2659 more
416 2618 471 2659 suo
496 2597 625 2658 damnat
642 2598 706 2672 aut,
722 2595 749 2657 si
766 2594 893 2668 retinet,
911 2593 972 2658 alio
988 2594 1056 2657 loco
1073 2594 1242 2668 collocat1)

179 2721 263 2785 Cum
286 2721 388 2804 igitur
410 2719 468 2783 hos
491 2741 599 2783 versus
624 2718 827 2799 (157-158)
850 2719 999 2802 legisset:

251 2913 314 2970 haec
339 2914 431 2986 quota
454 2929 523 2987 pars
547 2912 701 2980 scelerum,
726 2930 792 2986 quae
818 2913 915 2968 custos
941 2909 1071 2968 Gallicus
1095 2910 1176 2968 urbis

251 3038 347 3094 usque
372 3038 388 3074 a
413 3017 535 3075 lucifero
559 3017 651 3074 donec
674 3018 726 3074 lux
750 3016 866 3075 occidat
889 3017 993 3073 audit?

178 3199 261 3264 nulli
296 3203 369 3283 post
403 3220 455 3261 eos
491 3198 595 3279 aptius
631 3197 791 3261 inserendi
825 3197 856 3260 ei
878 3197 938 3260 visi
961 3200 1044 3274 sunt,
1069 3218 1164 3278 quum
1188 3197 1242 3278 qui

179 3324 266 3407 apud
290 3326 411 3386 ceteros
435 3321 570 3385 editores
594 3323 627 3384 in
651 3322 781 3386 exordio
803 3322 955 3406 leguntur
979 3322 1127 3385 23—25:

290 3525 356 3582 quae
380 3509 442 3564 tam
466 3506 541 3563 festu
566 3505 634 3574 dies
659 3507 695 3563 ut
719 3508 813 3562 cesset
835 3505 960 3580 prodere
984 3504 1091 3571 furem,

289 3613 451 3688 perfidiam,
475 3613 595 3669 fraudes
619 3615 708 3686 atque
733 3611 813 3669 omni
837 3630 872 3668 ex
900 3611 1019 3668 crimine
1043 3611 1160 3667 lucrum

289 3719 448 3795 quaesitum
472 3722 501 3775 et
524 3721 625 3793 partos
649 3718 749 3792 gladio
772 3719 819 3775 rel
842 3718 949 3793 pyxide
974 3720 1132 3774 nummos?
1238 3757 1240 3761 -

178 3882 393 3894 ,..-...-----

293 3976 312 4045 1)
332 3978 451 4030 Rmnncu
469 3976 488 4029 l.
509 3977 526 4029 l.
546 3994 592 4046 pp.
613 3975 762 4029 144-145.
