2828 4612
614 292 786 354 „50-

172 479 290 534 tantum
315 480 392 534 artes
416 475 513 544 huius,
538 478 656 532 tantum
679 473 871 532 medicamina
895 479 1028 550 possunt,

173 602 239 657 quae
264 582 376 640 steriles
400 582 471 640 lacit
495 585 584 656 atque
608 581 738 639 homines
762 580 791 637 in
815 586 918 639 ventre
942 582 1087 641 necandos

173 689 320 747 conducit.
350 689 446 765 gaude
475 688 574 745 infelix
600 718 639 726 —
668 716 705 725 ψ
731 708 797 744 nam
823 687 846 745 si
871 688 1035 745 distendere
1058 689 1150 746 vellet
1173 692 1242 748 cet.

172 852 205 913 in
240 851 354 932 quibus
389 853 421 912 et
455 871 611 932 puerpera
646 854 678 912 et
712 833 852 913 venetica
887 853 919 913 et
952 851 1084 913 maritus
1107 851 1244 925 vicibus

173 975 307 1039 subiecti
332 975 515 1058 funguntur.
563 974 626 1038 Cfr.
652 971 677 1037 Ι.
705 977 784 1039 155;

255 1223 257 1227 y
300 1160 374 1216 pone
399 1141 593 1216 Tigellinum:
623 1141 701 1198 taeda
724 1141 834 1199 lucebis
858 1141 886 1197 in
911 1141 962 1198 illa

301 1267 360 1321 qua
383 1251 494 1305 stantes
518 1248 631 1317 ardent,
657 1248 708 1322 qui
731 1248 788 1305 fixo
812 1251 929 1322 pectore
953 1248 1070 1305 fumant

300 1358 330 1412 et
352 1356 445 1412 latum
471 1354 565 1411 media
588 1355 703 1412 sulcum
728 1355 847 1412 deducit
869 1355 978 1411 harena
994 1343 1019 1425 ¹)

105 1595 108 1600 ⁴
172 1516 274 1581 Multo
298 1517 456 1580 difficilior
479 1517 560 1579 alter
582 1516 636 1579 ille
659 1517 747 1579 locus
771 1519 818 1579 est
840 1513 897 1580 VI.
923 1518 1111 1582 233-236:

300 1692 352 1748 illa
376 1692 462 1748 docet
484 1691 579 1749 missis
603 1711 620 1747 a
644 1694 817 1766 corruptore
840 1692 957 1750 tabellis

301 1798 341 1854 nil
364 1798 437 1855 rude
461 1817 514 1855 nec
538 1798 659 1871 simplex
683 1798 852 1868 rescribere,
878 1799 987 1873 decipit
1010 1799 1060 1856 illa

301 1905 436 1962 custodes
461 1906 513 1961 aut
537 1922 593 1960 aare
618 1905 727 1966 domat.
748 1908 823 1967 ¹tunc
847 1924 968 1980 corpore
992 1924 1063 1963 sano

302 2012 427 2068 advocat
450 2011 635 2085 Archigenen
659 2029 841 2086 onerosaque
864 2012 956 2095 pallia
978 2013 1070 2070 iactat

279 2173 381 2237 Multa
404 2172 540 2258 vestigia
563 2175 714 2237 orationis
739 2174 972 2238 declamatoriae
996 2176 1028 2238 in
1053 2176 1113 2240 hac
1138 2181 1235 2260 parte

174 2298 289 2373 sutiam,
325 2303 360 2361 ut
393 2320 452 2380 par
487 2303 543 2378 est,
579 2299 726 2382 indagari
749 2303 890 2381 possunt.
937 2296 1151 2384 interrogatio
1175 2303 1231 2366 illa

173 2425 300 2501 usitata,
326 2447 343 2486 a
367 2423 471 2487 verbis
495 2424 565 2506 quis
590 2425 694 2487 enim?
718 2424 883 2506 incipiens,
909 2428 957 2487 cst
980 2427 1101 2489 v.14l.
1138 2425 1234 2490 Alte-

172 2571 240 2610 ram
264 2571 293 2611 v.
321 2549 381 2611 147
406 2548 570 2625 habemus
617 2548 805 2632 Magnitudo
828 2548 1039 2634 Karthaginis
1055 2552 1235 2633 grandibus

172 2673 277 2735 verbis
312 2673 475 2735 extollitur
509 2695 558 2756 vvv.
585 2675 772 2751 148-150;
796 2673 959 2737 Hannibal
981 2675 1114 2757 loquens
1137 2677 1234 2740 indu·

174 2797 256 2859 citur
289 2819 319 2860 v.
353 2799 426 2874 155,
451 2798 563 2860 deinde
588 2798 774 2861 exclamatio
799 2802 900 2880 poetae
925 2800 1067 2882 sequitur
1090 2822 1141 2865 vv.
1169 2803 1232 2866 157

175 2923 293 2999 -158,
318 2921 346 2983 ei
370 2921 540 3001 simillima,
566 2944 635 3005 quae
660 2919 716 2984 Vl.
742 2925 805 2986 255
829 2945 897 3006 sqq.
923 2923 1057 3007 legitur:

307 3098 393 3170 quale
417 3097 514 3165 decus,
539 3117 639 3155 rerum
662 3097 686 3154 si
710 3098 841 3174 coniugis
866 3099 963 3156 auctio
986 3098 1048 3167 fiat,

302 3202 417 3260 balteus
442 3207 472 3260 et
494 3204 615 3261 manicae
640 3209 669 3261 et
693 3205 789 3261 cristae
814 3205 966 3279 crurisque
990 3205 1102 3263 sinistri

302 3310 453 3367 dimidium
478 3311 616 3385 tegimen,
641 3311 688 3368 vel
712 3311 735 3368 si
761 3312 875 3369 diversa
899 3311 1030 3369 movebit

301 3417 422 3491 proelia,
447 3421 481 3474 tu
505 3417 583 3485 felix,
609 3436 709 3474 ocreas
733 3419 877 3475 vendente
901 3419 1015 3492 puella!

278 3577 545 3663 interrogationes
570 3579 875 3662 exclamationesque
900 3580 1074 3643 crebriores
1100 3580 1200 3646 fiunt:

214 3792 216 3796 ’
283 3791 302 3854 ¹1
323 3791 392 3844 Sunt
419 3790 500 3854 enim,
529 3790 578 3858 qui
604 3790 647 3843 ita
673 3791 777 3859 legant.
815 3791 927 3845 Rectius
956 3795 1049 3846 tamen
1069 3793 1186 3849 deducit
1204 3794 1235 3848 in

173 3862 285 3934 ‹leducis
308 3880 470 3933 mutandum
491 3884 541 3942 est,
561 3879 624 3934 vide
643 3880 675 3931 R.
695 3881 779 3932 Basa:
808 3879 988 3948 Spicilegium
1008 3881 1237 3949 Iuvenalianum

172 3969 272 4037 Lipsiae
294 3969 360 4022 1885
379 3987 424 4038 pp.
445 3970 486 4030 14,
506 3970 548 4023 36.
