2828 4612
604 301 799 362 -116-

172 477 234 558 (vv.
260 478 414 559 39-43).
454 476 540 540 Petit
563 477 662 561 igitur
679 500 697 540 a
716 477 911 559 parentibus
930 479 964 539 ut
981 499 1077 559 quam
1095 476 1243 562 diligen·

171 601 292 665 tissime
316 601 384 665 haec
408 602 515 664 omnia
538 602 716 675 observent,
741 623 811 684 qua
835 601 965 664 iusserit
987 601 1051 682 (vv.
1076 602 1242 684 44-49),

173 726 255 808 quod
290 725 351 788 nisi
386 725 506 788 iaciant
540 726 640 788 multa
675 748 727 789 eos
754 725 952 789 incommoda
975 747 1043 789 esse
1067 724 1242 791 habituros

172 850 319 914 ostendit.
366 849 462 913 Posse
498 850 582 912 enim
616 851 718 913 filium
752 850 872 932 aliquid
907 850 1116 927 committere,
1153 852 1242 935 quod

173 975 305 1058 dignum
332 974 374 1036 sit
397 975 445 1037 ira
468 975 617 1043 censoris,
640 978 709 1037 tum
732 978 825 1057 pater
848 997 920 1037 eum
944 976 1080 1059 castiget
1104 998 1240 1041 necesse

172 1121 240 1161 esse
276 1098 339 1179 (vv,
364 1100 518 1180 50-55),
547 1099 704 1181 castigare
728 1121 802 1162 vero
826 1120 888 1182 quo
911 1100 1003 1163 modo
1027 1100 1138 1182 possit,
1164 1122 1240 1163 oum

172 1224 240 1305 ipse
264 1223 297 1285 in
320 1223 413 1306 culpa
436 1224 478 1285 sit
500 1223 662 1305 liliumque
686 1222 768 1285 male
792 1223 967 1286 instituerit
983 1222 1046 1303 (11.
1065 1225 1239 1305 56—58)?

279 1344 347 1410 Iam
377 1351 471 1431 poeta
506 1348 545 1409 ad
574 1347 711 1412 eandem
734 1369 801 1409 rem
825 1370 864 1410 er
888 1348 951 1410 alia
974 1353 1064 1430 parte
1089 1349 1238 1413 conside-
1298 1337 1302 1343 ¹

174 1473 307 1536 rendam
341 1474 456 1535 transit
490 1473 554 1549 (vv.
579 1473 732 1553 59—85).
780 1472 921 1536 Primum
945 1473 1093 1550 ostendit,
1114 1478 1239 1556 quanta
1264 1461 1268 1467 ⁵

173 1597 349 1682 diligentia,
385 1597 412 1659 si
447 1598 561 1679 hospes
596 1602 745 1659 venturus
781 1597 831 1676 sit,
868 1619 1022 1674 curamue,
1059 1602 1094 1663 ut
1126 1599 1236 1663 omnia

172 1726 285 1804 parata
320 1725 352 1784 et
386 1723 503 1784 munda
537 1721 611 1797 sint,
646 1744 685 1784 ne
721 1722 798 1804 quid
832 1722 947 1804 hospes
975 1723 1126 1798 inveniat,
1152 1724 1236 1806 quod

172 1847 300 1909 foedum
324 1847 364 1907 sit
388 1847 450 1926 (11.
477 1846 630 1926 59-67),
651 1849 719 1908 tum
735 1847 850 1928 quaerit
866 1869 922 1910 cur
939 1848 1048 1910 eadem
1065 1848 1237 1932 diligentia
1315 1930 1318 1937 Ι

173 1992 236 2032 non
260 1991 414 2046 surenam,
439 1974 473 2032 ut
496 1969 579 2031 filius
604 1974 745 2032 sanctam
769 1972 836 2034 sine
859 1972 932 2035 labe
949 1973 1075 2035 domum
1092 1973 1237 2056 vitioque

176 2097 337 2157 carentem
360 2094 494 2175 aspiciat
517 2094 580 2173 (11.
607 2095 760 2177 ‹ts-69).
800 2095 887 2159 Bene
903 2075 1030 2178 quidem
1047 2119 1114 2159 esse
1132 2098 1237 2161 filium
1317 2096 1319 2101 ’

172 2217 301 2294 habere,
336 2219 446 2302 magni
480 2222 588 2281 tamen
620 2241 687 2281 esse
711 2221 872 2297 momenti,
896 2221 999 2303 qualis
1022 2220 1075 2282 hie
1099 2222 1142 2283 sit
1168 2221 1236 2304 (vv.

174 2343 329 2424 70-7‘2).
375 2342 426 2406 Sic
461 2347 554 2426 poeta
584 2344 623 2406 ad
647 2344 679 2406 id
703 2343 885 2415 revolvitur,
909 2346 992 2427 quod
1015 2349 1111 2427 caput
1135 2369 1239 2431 argu·
1309 2320 1319 2335 Η

171 2469 374 2532 mentationis
398 2468 460 2530 dici
484 2472 602 2550 potest:

172 2670 334 2744 plurimum
363 2665 441 2725 enirn
465 2669 608 2731 intererit.
638 2670 747 2743 quibus
771 2671 884 2728 artibus
909 2680 937 2728 et
962 2671 1070 2745 quibus
1094 2672 1175 2731 hunc
1202 2678 1240 2733 tu

174 2777 306 2833 moribus
330 2775 467 2832 instituas
492 2775 553 2845 (vv.
581 2775 721 2843 53—74)

279 2962 353 3046 Ipsa
377 2965 536 3042 animalia,
560 2966 588 3028 si
604 2967 643 3028 ad
660 2988 696 3028 ea
713 2966 818 3029 oculos
835 2967 963 3030 flectere
980 2968 1124 3045 velimuS,
1142 2971 1241 3034 nobis

173 3089 326 3173 exemplis
361 3111 439 3152 esse.
486 3089 646 3152 Ciconiam
681 3090 784 3172 pullos
815 3092 1015 3173 serpentibus
1039 3091 1241 3176 lacertisque

173 3213 303 3291 nutrire,
330 3213 440 3275 eadem
463 3214 533 3276 illos
558 3215 708 3276 animalia
728 3216 862 3296 sumptis
878 3217 983 3298 pinnis
1001 3239 1071 3278 mox
1089 3239 1241 3298 quaerere

173 3337 236 3418 (11.
264 3339 418 3413 ῖ4-Τ6),
464 3337 615 3401 Vultures
648 3339 837 3402 cadaverum
872 3340 1021 3422 reliquias
1056 3340 1090 3402 in
1122 3342 1242 3408 nidum

173 3463 211 3524 ad
248 3463 331 3525 tetus
367 3463 501 3538 adferre,
536 3463 742 3526 cadaveribus
778 3485 810 3524 se
845 3464 948 3545 pullos
981 3469 1135 3543 saturare,
1161 3488 1242 3531 cum

173 3586 235 3667 ipsi
270 3609 286 3648 e.
321 3586 395 3648 nido
431 3585 554 3648 evolare
589 3587 727 3649 audeant
762 3586 825 3667 (11.
852 3588 1005 3669 ῖῖ-ΘΟ).
1053 3587 1241 3656 Generosas

174 3710 296 3791 aquilas
332 3710 454 3791 lepores
490 3712 521 3771 et
552 3732 682 3792 capreas
705 3711 815 3773 venari
838 3713 1041 3794 praedamque
1066 3713 1100 3775 in
1122 3715 1241 3780 nidum

175 3835 270 3909 ferre,
295 3856 368 3896 mox
391 3835 576 3918 progeniem
600 3840 757 3898 maturam
780 3836 819 3897 ad
836 3837 967 3898 eandem
984 3836 1125 3918 praedam
1143 3839 1241 3904 festi-

173 3980 260 4032 nare,
295 3980 389 4040 quam
425 3960 561 4041 primum
589 3965 683 4041 rupto
706 3983 763 4025 ovo
787 3960 963 4044 gustaverit
986 3960 1049 4040 (vv.
1077 3961 1242 4047 ‘al—85).
