3084 4814
647 411 797 473 ..7-

190 589 305 670 quibus
340 611 401 666 ree,
431 609 501 670 quae
526 590 818 665 commemorentur,
844 608 883 650 ex
906 587 991 650 onrni
1014 587 1250 670 parte-possint

190 701 373 776 illuminari.
414 711 472 774 Est
495 711 564 775 haec
586 712 677 794 copia
693 712 837 794 quaedam
855 711 990 789 dicendi,
1007 733 1088 793 quae,
1105 715 1140 774 ut
1155 711 1249 774 nimis

192 837 355 900 abundans
389 836 549 899 interdum
583 837 738 909 videatur,
774 839 807 898 at
831 838 915 898 certe
939 835 1073 898 multum
1097 835 1183 899 valet
1210 836 1250 900 ad

189 961 362 1045 imaginem
375 983 480 1024 rerum
494 961 673 1024 distinctius
687 949 935 1042 exprimendam.
960 959 1025 1024 Gfr.
1037 957 1096 1026 Ill.
1110 961 1248 1026 26-28:

228 1220 230 1232 Ι
297 1137 366 1193 dum
391 1155 468 1194 nova
492 1136 622 1198 canities,
648 1137 718 1192 dum
742 1136 837 1210 prima
861 1140 891 1193 et
913 1139 994 1194 recta
1018 1138 1161 1205 senectus

237 1229 239 1232 ⁵
296 1243 366 1300 dum
390 1245 524 1318 superest
547 1241 670 1302 Lachesi
694 1223 773 1316 qnod
796 1244 945 1316 torqueat,
971 1242 1146 1317 etpedibus
1170 1263 1215 1300 me

296 1352 383 1424 porto
406 1349 477 1406 meis
502 1349 584 1446 nullo
608 1349 741 1406 dextram
765 1349 909 1406 subeunte
933 1349 1040 1407 bacillo

297 1530 393 1593 Aliud
418 1530 598 1612 exemplum
623 1533 670 1592 est
693 1527 767 1595 Vll.
793 1497 938 1596 53—55:

296 1706 346 1762 sed
370 1709 468 1762 vatem
492 1705 653 1780 egregium,
679 1705 726 1762 cui
750 1705 870 1764 nonsit
892 1704 1012 1779 publica
1035 1723 1119 1774 vena,
1145 1743 1146 1748 κ

297 1811 347 1886 qui
371 1811 444 1868 nihil
468 1812 635 1886 expositum
659 1812 753 1870 soleat
776 1812 927 1880 deducere,
953 1830 1006 1868 nec
1029 1811 1080 1886 qui

298 1918 446 1976 cornmuni
469 1919 557 1976 feriat
580 1937 698 1976 carmen
721 1917 838 1975 triviale
862 1922 981 1976 moneta

297 2073 458 2180 Imprimis
483 2099 520 2161 de
544 2121 594 2161 vv.
619 2097 750 2162 48—49
775 2099 947 2182 ambigitur
964 2099 1041 2163 adeo
1056 2101 1092 2162 ut
1108 2122 1128 2162 a
1142 2099 1250 2163 multis

189 2243 248 2304 pro
283 2222 398 2304 spuriis
428 2222 616 2300 habeantur,
652 2223 706 2284 sed
741 2221 775 2284 hi
797 2243 906 2285 versus
931 2222 1156 2287 cohaerentiam
1179 2245 1251 2294 sen-

191 2346 364 2409 tentiarum
387 2369 450 2410 non
472 2347 602 2410 laedunt.
647 2345 796 2421 Quamvis
820 2347 904 2410 enim
927 2345 1077 2411 Naevolus
1101 2347 1160 2418 hoc
1184 2348 1251 2412 loco

190 2473 230 2535 ad
264 2471 371 2554 plures
406 2470 549 2534 homines
584 2493 680 2553 quam
714 2472 747 2533 in
772 2471 822 2533 iis
856 2471 1012 2549 versibus
1048 2472 1105 2554 qui
1130 2493 1250 2554 praece-

190 2597 269 2660 dunt
296 2599 327 2658 et
350 2599 534 2678 sequuntur,
559 2616 626 2658 sese
651 2597 814 2659 convertat
838 2631 878 2640 -ψ
896 2595 928 2658 id
943 2595 1027 2678 quod
1043 2598 1127 2658 recte
1145 2603 1252 2660 monet

188 2717 428 2797 Ribbeckius1)
466 2757 506 2769 -
541 2742 604 2783 non
638 2723 745 2783 tamen
772 2721 842 2784 ideo
865 2721 912 2798 fit,
936 2724 971 2783 ut
995 2719 1062 2784 haec
1086 2720 1251 2803 paululum

190 2849 312 2908 mutata
336 2846 503 2924 sententia,
527 2849 688 2928 tamquam
714 2845 741 2907 si
765 2867 783 2906 a
803 2845 1029 2908 consuetudine
1046 2842 1252 2909 Iuvenaliana

192 2970 297 3034 aliena
321 2969 373 3047 sit,
397 2970 530 3054 indigna
554 2970 687 3032 iudicari
712 2970 836 3044 debeat,
861 2991 932 3052 quae
956 2966 1139 3034 retineatur.
1178 2968 1251 3034 Non

189 3095 378 3158 inusitatum
402 3099 459 3172 est,
484 3092 668 3158 iuvenalem
686 3093 869 3157 incohatum
886 3093 1076 3176 colloquium
1092 3095 1250 3158 interdum

189 3220 391 3302 abrumpere,
428 3219 501 3282 dum
537 3219 577 3282 ad
607 3218 684 3282 alios
708 3239 741 3280 se
765 3217 920 3281 convertit
942 3219 1171 3281 sententiamve
1196 3207 1252 3282 ad·

191 3343 313 3421 miscet,
337 3365 408 3426 quae
432 3344 472 3407 ad
495 3345 593 3408 verba
616 3343 803 3425 explicanda
826 3342 878 3406 vel
901 3342 941 3406 ad
964 3342 1137 3426 imaginem
1161 3343 1252 3406 adhi-

193 3469 289 3531 bitam
326 3468 360 3530 in
395 3468 527 3531 clariore
562 3466 630 3531 luce
667 3466 882 3530 collocandam
907 3469 981 3549 apta
1005 3489 1071 3530 esse
1095 3467 1250 3532 videatur.

190 3591 275 3656 Satis
311 3597 360 3656 est
394 3615 491 3656 unum
526 3592 706 3674 exemplum
741 3592 840 3654 duove
869 3591 1004 3656 adferre.
1050 3588 1091 3656 ΙΙ.
1118 3591 1157 3656 77
1183 3613 1252 3676 sqq.

164 3763 167 3771 ,
192 3721 291 3799 poeta¹
322 3718 354 3780 in
379 3717 536 3780 Oreticum
562 3715 731 3789 invehitur,
756 3719 840 3779 totus
863 3715 896 3779 in
921 3737 992 3779 eum
1016 3738 1195 3792 conversus
1219 3716 1252 3780 id

191 3841 276 3924 quod
309 3863 372 3904 non
401 3840 608 3923 impeditae
632 3862 682 3904 vv.
707 3840 832 3904 79-81
863 3840 925 3902 alia
949 3841 987 3903 de
1011 3861 1044 3904 re
1070 3844 1155 3925 agat,
1180 3863 1251 3924 quae

196 4157 198 4168 Ι
302 4087 322 4156 ¹)
342 4089 460 4142 Riuaaca
481 4087 499 4140 l,
518 4087 545 4140 l„
556 4106 583 4157 p.
603 4087 663 4140 133,
