2828 4612
521 303 715 366 —123—

216 488 291 546 illud
314 507 372 546 non
397 487 502 563 agitas,
526 490 562 544 ut
584 489 716 544 sanctam
740 485 817 544 filius
842 486 920 544 omni

218 594 342 670 aspiciat
365 595 426 653 sine
449 594 516 651 labe
540 595 660 651 domum
684 592 816 667 vitioque
841 596 989 651 carentem

10 734 13 765 ξ
76 760 159 842 post
182 779 260 840 quos
283 756 384 840 igitur
407 757 522 819 addere
547 756 615 818 vult
638 778 688 818 rr.
713 757 755 818 44
781 778 866 837 sqq.:

217 932 259 990 nil
283 931 364 990 dictu
388 932 507 989 foedum
531 931 656 1006 risuque
680 932 742 989 hacc
765 931 866 989 limina
889 934 996 1007 tangat

219 1038 299 1096 intra
323 1057 389 1113 quae
413 1042 499 1113 pater
522 1042 567 1095 est

10 1204 25 1279 {i
78 1203 144 1266 sed
169 1203 307 1280 obstant,
331 1202 393 1267 uisi
416 1201 520 1279 fallor,
544 1223 653 1264 versus
679 1200 818 1264 70-72.
855 1201 924 1264 Hoc
949 1202 1046 1264 etiam
1070 1201 1150 1264 vidit

83 1326 298 1404 Ribbeekius‚
333 1349 407 1388 nam
431 1326 493 1389 alio
516 1326 583 1390 loce
603 1327 625 1407 ¹)
653 1324 711 1388 hos
734 1348 843 1389 versus
867 1326 934 1389 sine
960 1325 1150 1388 detrimento

10 1442 16 1479 ''
83 1471 184 1533 posse
220 1450 365 1513 damnari
400 1451 567 1513 confitetur
602 1447 656 1513 ant
691 1454 763 1533 post
794 1473 825 1513 r.
851 1449 1079 1526 58001100ari;
1116 1453 1151 1512 ut

84 1578 199 1639 tamen
224 1596 277 1637 eos
302 1578 440 1652 excuset,
465 1575 553 1637 addit
576 1597 668 1657 posse
693 1597 746 1638 eos
770 1575 854 1656 apud
871 1571 1055 1647 Iuvenalem
1070 1574 1150 1637 tole-

10 1730 16 1783 '.
82 1699 165 1777 rari,
190 1721 263 1762 cum
286 1699 428 1762 carmina
452 1700 518 1762 eius
536 1703 568 1761 et
583 1701 750 1764 verborum
768 1702 800 1762 et
815 1699 1042 1762 sententiarum
1060 1699 1151 1780 copia

10 1876 34 1907 .·
81 1824 261 1888 abundent.
309 1822 443 1886 Omnino
466 1846 529 1887 non
553 1824 656 1902 videa
681 1845 736 1886 cur
760 1827 850 1887 tanto
874 1824 977 1887 studio
1001 1824 1151 1902 enitatur,

10 1938 20 2031 k}
84 1952 123 2011 ut
147 1948 291 2011 ordinem
315 1970 463 2010 versuum
478 1952 649 2031 permutet.
689 1947 803 2011 Omnia
820 1950 859 2011 ad
875 1971 966 2011 suum
984 1947 1149 2012 arbitrium

10 2064 20 2191 i
83 2076 197 2150 novat,
234 2094 304 2155 quae
339 2076 414 2154 apta
448 2095 510 2136 non
542 2073 689 2136 videntur
712 2074 862 2136 secernit:
899 2073 1066 2136 difficultas
1089 2095 1152 2136 non

10 2194 25 2215 ”’
81 2218 210 2280 magna
245 2202 293 2260 est
324 2197 358 2260 in
393 2219 429 2260 eo
464 2197 582 2274 labore,
618 2198 699 2279 quod
731 2197 816 2261 haud
840 2198 904 2260 scio
928 2221 968 2259 an
992 2197 1089 2258 etiam
1113 2198 1151 2258 de

10 2330 30 2415 3¹?
87 2320 232 2385 utilitate
256 2322 370 2385 valeat.

197 2444 329 2528 Iniquus
353 2468 447 2528 porro
473 2446 569 2509 iudex
592 2446 789 2511 Ribbeckius
814 2448 871 2525 est,
896 2432 967 2508 cunr
992 2446 1030 2508 de
1054 2446 1152 2509 satira

10 2550 13 2555 Ι
86 2572 207 2654 quarta
239 2570 361 2633 decima
396 2570 542 2633 universe
566 2571 708 2653 disputat
724 2570 760 2652 2).
806 2569 930 2644 Quanto
953 2591 1048 2652 opere
1072 2569 1152 2632 tales

11 2704 35 2739 '·
84 2715 211 2773 versus,
236 2694 346 2776 quales
370 2698 443 2756 sunt
468 2697 618 2759 25-28:

789 2825 895 2900 Larga

221 2931 291 3002 filia,
317 2950 383 3006 quae
408 2951 571 3005 numquam
594 2937 743 2990 maternos
768 2932 862 2989 dicere
886 2932 1021 2990 moechos

222 3041 285 3095 tam
309 3039 367 3096 cito
391 3057 443 3095 nec
466 3041 552 3096 tanto
575 3038 686 3112 poterit
710 3042 862 3096 contexere
887 3057 985 3108 cursu,

222 3149 258 3201 ut
280 3163 339 3202 non
362 3149 408 3201 ter
432 3145 546 3203 deciens
570 3145 696 3219 respiret

89 3309 130 3403 Ι111
153 3329 331 3370 sermonen]
355 3304 596 3371 Iuvenalianum
620 3309 785 3390 quadrent,
809 3331 872 3371 non
895 3309 996 3372 videt:
1034 3309 1156 3372 iocatur

88 3434 133 3498 dc
169 3432 219 3497 iis.
265 3429 413 3514 Ineptum
446 3423 477 3495 et
501 3433 670 3495 ridiculum
694 3433 799 3496 nescio
823 3434 899 3516 quid
921 3456 985 3497 non
1008 3435 1101 3497 modo
1124 3434 1157 3496 in

93 3580 147 3622 vv.
175 3557 350 3621 145—149
376 3557 594 3639 deprehendit,
618 3558 847 3620 verumetiam
872 3560 904 3621 in
929 3580 1156 3622 commemora-

92 3682 183 3746 tio'ne
207 3682 393 3745 mercatoris
417 3681 502 3745 illius
528 3682 625 3762 avari,
650 3704 744 3764 quem
767 3686 861 3765 poeta
876 3683 910 3746 in
925 3682 1017 3746 undis
1033 3683 1157 3746 luctan-

208 3893 227 3961 ¹)
247 3895 367 3948 Rrauacn
386 3894 404 3946 l.
425 3895 442 3947 l.
462 3912 488 3963 p.
509 3895 568 3947 146.

207 3980 227 4051 ⁹)
247 3984 288 4037 Ib.
307 4001 352 4052 pp.
374 3984 487 4037 35-36.
544 4025 548 4034 .
