2828 4612
667 298 818 358 ,8-

212 494 283 535 cum
308 473 417 536 eodem
441 471 566 536 Cretico
589 475 621 535 et
645 471 712 535 eius
734 472 875 536 moribus
898 474 1034 555 quodam
1057 474 1149 537 modo
1169 473 1279 538 cohae·

213 599 293 660 reat.
338 593 430 659 VIII.
469 598 531 660 135
567 618 634 679 sqq.
659 597 682 661 ii
711 598 943 680 vituperantur,
967 598 1019 680 qui
1044 597 1078 660 in
1101 591 1280 680 provinciis.

213 719 469 784 administrandis
493 719 592 783 nimia
615 722 785 784 severitate
809 724 949 797 utantur,
974 722 1030 784 sed
1052 722 1128 785 ordo
1144 726 1273 785 senten-

210 845 327 908 tiarum
361 845 525 908 institutus
559 845 814 928 interrumpitur,
850 847 876 909 si
911 847 1004 910 modo
1039 854 1088 909 est
1122 846 1200 909 illud
1224 847 1270 909 ita

212 968 446 1051 appellandum,
472 969 586 1031 additis
610 991 659 1032 vv.
688 970 869 1045 leo-141,
894 974 965 1052 post
988 991 1066 1052 quos
1089 973 1184 1053 poeta
1201 992 1271 1033 eos-

212 1094 284 1156 dem
308 1114 384 1175 quos
410 1097 503 1156 antea
526 1093 758 1175 reprehendere
781 1094 899 1177 pergit.
938 1093 1039 1169 Quam
1062 1096 1102 1159 ob
1118 1116 1185 1158 rem
1201 1116 1273 1157 cum

211 1216 304 1280 huius
339 1194 422 1280 modi
458 1218 703 1282 exclamationes
739 1220 821 1301 apud
858 1240 930 1281 eum
965 1241 1027 1282 non
1050 1241 1163 1303 parum
1187 1240 1272 1302 saepe

211 1341 422 1417 inveniantur,
458 1364 520 1405 non
556 1342 658 1418 video,
695 1365 750 1406 cur
785 1343 844 1407 hoc
871 1322 1272 1408 11001148-4911110

211 1466 335 1529 molesti
359 1467 484 1530 dicendi
511 1467 584 1532 sint.
620 1465 688 1530 Iam
716 1456 958 1545 Heinrichiu's¹)
975 1468 1025 1532 his
1042 1470 1147 1533 verbis
1164 1492 1277 1533 errem-v

211 1592 299 1674 plum
324 1592 503 1676 argumenti
528 1616 546 1656 a
569 1593 681 1656 maiori
705 1594 745 1656 ad
768 1593 881 1662 minus,
907 1595 989 1676 quod
1008 1595 1108 1670 aiunt,
1126 1593 1271 1658 adhiberi
1296 1658 1298 1662 .

212 1715 414 1779 demonstrat.
463 1716 610 1781 Ceterum
642 1716 669 1779 si
691 1739 800 1780 versus
824 1718 1012 1796 retinentur,
1036 1698 1143 1781 multo·
1159 1718 1272 1780 melius

158 1868 162 1874 ·
211 1841 243 1902 in
279 1840 383 1904 oculos
407 1842 550 1919 incurrit,
575 1841 650 1923 quid
675 1842 758 1903 inter
782 1841 911 1905 divitem
936 1844 1114 1924 patronum,
1139 1864 1271 1904 munera

211 1986 274 2028 non
300 1966 427 2028 dantem
451 1967 505 2029 sed
530 1970 776 2048 exspectantem,
796 1969 828 2028 et
843 1966 993 2028 miserum
1010 1966 1155 2029 clientem
1172 1966 1276 2029 inter·

211 2089 268 2165 sit;
293 2111 439 2159 11111111.
465 2092 505 2154 50
530 2112 598 2172 sqq.
624 2090 782 2174 originem
806 2112 844 2153 ex
868 2089 924 2153 illa
943 2091 1095 2153 donorum
1111 2092 1270 2154 mentione

172 2300 175 2309 Ι
211 2212 348 2291 trahere,
372 2215 440 2277 veri
463 2214 565 2277 simile
590 2218 648 2277 est.

317 2336 378 2402 Sed
401 2361 463 2402 non
485 2340 579 2404 modo
601 2361 652 2403 11.
669 2338 1079 2404 48-491111111110111111
1096 2361 1180 2422 pars,
1198 2362 1269 2422 quae

211 2484 251 2526 ex
274 2465 570 2529 1011111146-53
594 2468 728 2542 constat,
752 2464 934 2547 scrupulum
958 2465 1034 2528 viris
1054 2465 1153 2531 doctis
1169 2464 1274 2542 inicit,

96 2638 99 2644 .
212 2608 292 2665 cum,
317 2589 393 2670 quid.
416 2588 551 2672 singulis
574 2588 776 2652 tribuendum
802 2588 852 2664 sit,
877 2587 968 2650 valde
993 2588 1076 2651 inter
1100 2611 1132 2652 se
1149 2589 1270 2651 dissen-

210 2712 302 2776 tiant.
348 2711 548 2795 Rupertium,
574 2714 606 2774 et
629 2733 700 2774 cum
724 2733 760 2774 eo
785 2711 1006 2790 Heineckium,
1032 2713 1194 2797 dialogum
1217 2711 1274 2775 hic

212 2835 312 2899 latere
337 2837 501 2919 suspicari,
525 2837 587 2899 iam
612 2858 708 2919 supra
724 2835 869 2898 diximus.
906 2832 994 2899 Idem
1011 2837 1171 2922 Bogenius
1187 2837 1269 2900 iudi·

210 2963 272 3039 cat,
307 2961 361 3043 qui
395 2961 433 3023 de
468 2959 528 3023 hoc
562 2961 630 3025 loco
659 2960 784 3044 copiose
809 2959 950 3041 disputat
973 2960 1007 3022 in
1029 2961 1137 3025 libello
1160 2983 1216 3024 suo
1231 2962 1272 3043 ²).

210 3083 301 3159 Quod
327 3085 367 3147 ad
391 3107 538 3149 versuum
562 3085 801 3167 dispositionem
824 3084 948 3162 attinet,
973 3107 1023 3148 11.
1046 3085 1173 3148 27-47
1191 3084 1272 3149 Nae·

209 3210 280 3273 1010
304 3210 426 3288 tribuit,
450 3212 518 3272 tum
534 3213 660 3292 poetam
677 3209 852 3272 orationem
868 3209 1074 3291 interpellare
1091 3212 1198 3273 censet
1213 3211 1269 3274 illa

211 3334 449 3404 exclamatione,
485 3355 555 3416 quae
590 3357 641 3397 11.
665 3333 795 3396 48-49
820 3332 954 3417 legitur3
990 3333 1128 3417 reliquos
1151 3357 1202 3398 vv.
1227 3336 1268 3397 50

210 3479 278 3540 sqq.
313 3456 446 3522 Naevolo
482 3458 546 3522 dat.
592 3455 741 3531 Quamvis
768 3456 860 3521 istam
884 3457 1074 3521 sententiam
1097 3479 1160 3520 non
1184 3457 1272 3520 solus

320 3703 339 3773 ¹)
360 3705 387 3759 Ο.
420 3707 449 3759 F.
480 3706 628 3759 Hammon:
664 3703 804 3758 Iuvenalis
835 3703 929 3758 satirae
960 3721 1022 3757 cum
1053 3702 1272 3757 commentariis.

209 3795 315 3851 Bonnae,
332 3795 408 3858 1839,
428 3794 482 3848 101.
500 3794 527 3846 ΙΙ
545 3812 571 3862 p.
592 3793 651 3847 360.

319 3881 338 3949 'J
358 3884 403 3936 W.
423 3884 528 3937 Bonan:
557 3883 598 3935 De
616 3880 685 3934 locis
705 3881 814 3950 aliquot
832 3879 972 3935 Iuvenalis
985 3879 1156 3948 explicandis
1169 3880 1272 3934 scholi-

209 3990 287 4028 orum
306 3972 414 4027 ratione
433 3989 505 4041 saepe
523 3970 629 4026 habita.
667 3971 770 4026 Bonnae
791 3970 858 4025 1849
877 3987 922 4038 pp.
943 3970 1020 4022 1-6.
