2828 4612
606 356 645 363 -
673 322 735 383 luo
761 356 800 363 -

277 497 353 572 Quae
389 498 494 562 onmia
526 497 751 580 comprehendi
775 500 883 560 censet
908 518 944 558 ea
969 496 1141 575 sententia,
1168 517 1241 579 quar

172 626 220 685 est
243 645 292 685 vv.
318 623 466 685 ao—ffi:

277 770 337 826 rari
362 770 470 843 quippe
495 768 572 837 troni,
598 788 719 826 numero
744 769 792 826 vix
816 772 886 825 sunt
909 768 1034 826 totidem
1058 771 1135 842 quot

279 876 446 933 Thebarum
471 880 565 950 portae
589 876 636 931 rel
660 875 759 932 divitis
784 875 858 933 ostia
884 874 945 932 Nili

281 1037 354 1101 Sine
379 1039 473 1101 dubio
502 1061 539 1101 ea
563 1038 738 1113 cottocatio,
764 1038 790 1099 si
815 1062 833 1099 a
857 1035 1005 1100 [inerrate
1030 1038 1117 1100 faeta
1142 1040 1237 1117 esset,

173 1163 303 1245 probari
337 1167 454 1244 posset.
500 1159 568 1224 Iam
604 1184 678 1224 vero
714 1184 785 1224 cunr
821 1163 904 1243 apud
940 1185 1011 1224 eum
1036 1162 1100 1225 alio
1125 1163 1237 1226 ordine

173 1309 282 1350 versus
319 1287 476 1370 legantur,
512 1309 575 1348 non
598 1308 676 1368 opus
701 1290 748 1348 est
772 1287 810 1348 ad
834 1285 928 1363 hune,
953 1309 1047 1369 quem
1071 1289 1238 1370 proposuit

174 1411 380 1488 tribuet-tius,
406 1412 588 1494 confugere,
613 1411 790 1492 praesertim
810 1432 879 1473 eum
898 1410 1091 1474 cohaerentia
1108 1417 1237 1475 senten·

172 1537 299 1600 tiarum.
335 1537 360 1597 si
396 1537 548 1598 usitatum
583 1536 725 1598 ordinem
759 1538 895 1614 tuemur,
932 1558 993 1599 non
1029 1536 1135 1599 minue
1161 1542 1234 1619 apta

172 1661 222 1723 sit.
271 1657 371 1723 Immo
395 1661 507 1742 aptior,
531 1682 605 1722 nam
628 1682 737 1722 versus
762 1660 831 1723 itte:

386 1827 448 1883 haec
473 1830 565 1900 quota
589 1845 656 1900 pars
680 1827 833 1894 scelerum,
860 1846 926 1901 quae
951 1838 1007 1884 cet.

176 1990 289 2052 melius
324 2012 361 2051 eo
396 1989 464 2052 loco
498 1989 637 2071 ponitur,
669 1991 723 2054 ubi
747 1992 943 2053 enumeratio
966 1991 1122 2053 scelerum
1145 1991 1235 2054 finita

175 2119 233 2191 est,
257 2136 353 2196 quam
376 2114 431 2176 ubi
456 2115 651 2177 enumeratio
668 2115 880 2177 continuatur.
916 2114 1131 2178 Ribbeckium
1147 2116 1234 2178 simi·
1292 2104 1297 2115 ¹

174 2239 308 2301 titudine
344 2261 392 2317 ea,
428 2261 497 2321 qum
535 2242 582 2301 est
616 2240 699 2301 inter
733 2240 848 2302 rerba:
877 2261 946 2321 quae
971 2243 1037 2301 tarn
1060 2239 1143 2302 festa
1169 2241 1234 2304 dies
1298 2224 1301 2233 Ι

175 2365 216 2445 (r.
241 2365 308 2445 23),
333 2366 378 2426 et:
408 2385 506 2445 usque
531 2387 549 2425 a
573 2363 706 2425 lucifero
731 2365 827 2426 donec
852 2364 906 2426 lux
929 2363 1052 2426 occidat
1076 2364 1119 2443 (v.
1147 2367 1236 2444 1581»,
1279 2416 1282 2422 .

175 2488 261 2550 allici
284 2491 383 2570 patet.
423 2487 714 2569 Amplificationem
738 2489 770 2549 iu
795 2488 852 2550 illa
875 2488 1140 2571 interrogat-ione:
1166 2511 1237 2572 quae

173 2616 239 2674 tarn
275 2613 356 2674 festa
392 2613 458 2674 dies
495 2615 555 2674 cet.
590 2612 691 2674 inesse
723 2612 808 2674 dicit.
856 2610 929 2674 Non
953 2613 1062 2688 cred03
1099 2634 1239 2678 comme·

174 2742 296 2799 morata
332 2741 405 2798 sunt-
439 2741 471 2798 et
500 2737 666 2798 latrocinia
690 2742 721 2798 et
745 2737 891 2799 incendia
915 2742 946 2799 et
969 2738 1055 2800 i'urta
1078 2740 1241 2825 sacrilega

176 2865 208 2922 et
231 2861 382 2922 veneficia
407 2865 440 2922 ct
462 2861 643 2943 parricidia,
667 2883 737 2943 quae
761 2863 866 2924 onmia
890 2862 1006 2924 cotidie
1031 2885 1049 2923 a
1072 2863 1149 2925 solis
1167 2868 1241 2928 ortu

175 3005 274 3065 usque
299 2985 338 3046 ad
362 3008 506 3047 occasum
532 2986 685 3047 committi
710 2986 866 3048 dicuntur.

284 3108 408 3171 Deinde
432 3109 627 3172 Ribbeekius
651 3110 837 3191 scriptorem
859 3111 965 3173 satine
983 3112 1086 3174 tertiae
1105 3113 1242 3178 decimae

177 3233 392 3317 reprehendit,
410 3234 493 3314 quod
510 3234 1061 3315 11191111111111111111ῖ1--1οἴ11111111
1078 3234 1242 3317 disponat.

177 3359 320 3422 Primum
355 3359 439 3419 enim
469 3362 596 3439 poetam
620 3359 734 3434 dicere,
758 3358 875 3420 multos
899 3358 1018 3420 maiore
1042 3364 1139 3440 atque
1165 3360 1244 3424 Cal-

176 3485 286 3546 vinum
320 3483 433 3544 damno
469 3504 537 3544 esse
574 3483 713 3545 adfectos
748 3483 810 3562 (rr.
841 3482 994 3563 11-14).
1042 3482 1245 3550 Confirmare

177 3609 299 3671 deirute.
335 3607 429 3669 facile
461 3629 529 3669 esse
554 3607 626 3669 deos
649 3613 859 3684 contemnere,
883 3607 969 3670 nullo
992 3608 1093 3690 igitur
1117 3611 1245 3690 pudore

176 3731 352 3814 prohibitos
377 3732 444 3794 eius
459 3732 545 3824 modi
560 3730 704 3794 homines
720 3733 864 3813 peierare
882 3730 945 3812 (rr.
965 3732 1120 3812 75-85).
1157 3732 1246 3799 Tum

178 3857 292 3919 addere
317 3878 395 3931 esse,
420 3858 474 3937 qui
498 3879 560 3918 non
584 3860 696 3937 putent
721 3857 793 3919 deos
817 3879 884 3919 esse
903 3856 966 3936 (rr.
984 3857 1142 3938 86—89),
1160 3859 1248 3924 alios

177 3982 305 4043 eredere
340 3980 469 4061 quidem
504 3981 576 4042 deos
607 4002 686 4058 esse,
710 3981 765 4042 sed
789 3982 911 4044 reniam
936 3984 1143 4064 peccatorum
1167 4005 1248 4067 spe-
