2828 4612
174 108 238 168 tem
262 107 339 168 facit
362 129 411 169 vv.
437 108 628 173 asa-297:
654 108 811 170 contraria
835 109 974 170 interae
999 109 1133 190 ideoque
1148 110 1193 171 in·
1218 138 1268 175 J

173 230 318 294 lerabilia
343 253 410 294 esse
435 232 522 305 dicit,
547 254 616 314 quae
641 255 690 295 vv.
718 234 890 296 raa-155
914 233 1081 317 leguntur:

544 407 675 466 tunicam
699 408 771 464 mihi
794 409 872 466 rnalo
896 409 1000 483 lupini,

367 533 456 588 quam
480 514 503 570 si
527 534 572 571 nic.
596 520 661 572 toto
684 515 786 572 laudet
809 515 915 573 vicinia
938 534 1016 591 pago

366 620 464 695 exigui
487 621 564 678 ruris
588 621 763 695 paucissima
787 622 867 678 farra
891 629 1039 679 secantem

280 781 358 846 Sunt
381 806 456 846 sanc
480 785 616 866 quodam
639 785 732 847 modo
756 785 915 847 contraria
938 785 994 848 illa
1017 784 1154 868 quidem,
1173 802 1268 845 S«

173 906 241 970 haec
276 902 451 990 hyperbole
487 912 591 973 tanton
628 909 694 971 sino
725 909 1268 994 nlladifficultateintellegit-111

178 1028 236 1095 Ille
261 1033 345 1095 eninr
370 1033 447 1095 dicit
470 1055 503 1095 se
528 1034 640 1096 bonam
665 1034 748 1116 apud
773 1033 856 1096 circs
881 1033 1267 1096 existimationemcuffl

173 1162 361 1240 paupertate
401 1159 600 1221 coniunctam
639 1158 731 1220 nihili
770 1160 885 1222 facere.
944 1159 1023 1222 Haec
1059 1159 1162 1222 omnia
1207 1148 1251 1215 ut

174 1283 286 1364 gravia
309 1266 370 1344 non
395 1286 477 1359 sunt,
502 1283 546 1345 ita
571 1282 752 1345 defensione
776 1306 839 1346 non
863 1287 968 1366 egent
1179 1354 1182 1361 .
1250 1332 1268 1373 ¹,

281 1406 381 1480 Quam
405 1409 445 1470 ob
470 1429 536 1469 rem
560 1429 632 1469 cunr
655 1407 796 1470 ordinem
812 1430 922 1470 earum
938 1408 1089 1489 partium,
1102 1407 1145 1471 'in-
1154 1410 1222 1490 quas
1255 1376 1268 1445 l·

174 1529 243 1592 haec
278 1532 376 1593 satira
411 1532 509 1593 dividi
543 1534 657 1614 potest,
693 1534 856 1594 confusum
892 1532 1054 1614 appellare
1088 1532 1219 1606 nolimus
1250 1512 1260 1587 ¹.

125 1681 126 1684 ¹
174 1655 327 1736 sequitur,
363 1659 398 1717 ut
422 1677 459 1718 ea
483 1678 607 1737 quoquc
632 1657 722 1719 nobis
748 1656 945 1738 displiceant,
970 1678 1040 1738 quae
1067 1657 1105 1719 dc
1130 1659 1220 1718 trans·
1255 1644 1258 1657 ¹

172 1780 324 1843 itionibus
360 1803 379 1842 a
405 1779 555 1843 Iuvenale
591 1781 683 1843 factis
719 1781 827 1843 attulit
849 1779 998 1843 Weiseus
1018 1781 1051 1861 ¹).
1101 1779 1224 1863 Copiose
1247 1854 1258 1877 Ἰ

174 1906 211 1968 de
236 1905 274 1967 iis
298 1928 361 1969 non
385 1906 526 1988 disputat
550 1928 651 1988 neque
676 1906 817 1988 singulas
833 1906 1037 1968 transitiones
1054 1906 1226 1980 examinat3
1250 1884 1258 1919 κ’

174 2030 319 2092 universe
343 2033 467 2092 tanturn
492 2031 578 2107 dicit,
603 2030 680 2092 illud
706 2030 939 2112 compositionis
962 2030 1084 2107 vitium,
1103 2031 1229 2113 quod·in

173 2156 379 2239 neglegentia
402 2155 541 2218 omnium
558 2156 755 2218 vinculorum
771 2159 927 2232 cernatur,
944 2155 978 2216 in
994 2156 1094 2217 satira
1110 2178 1231 2239 qnoque

173 2283 287 2362 quarta
322 2280 444 2342 decima
478 2280 665 2363 investigari
695 2302 786 2361 posse
811 2279 921 2342 ethos
944 2279 1028 2342 locos
1053 2285 1234 2345 enumerat:

175 2405 225 2480 15,
262 2406 314 2481 25,
350 2406 402 2481 44,
439 2407 490 2482 59,
529 2406 579 2481 tl,
612 2406 662 2481 Π,
688 2405 739 2480 86,
765 2405 817 2480 96,
843 2405 917 2467 256.
965 2402 1002 2466 ln
1026 2427 1090 2486 qua
1116 2427 1153 2468 rc
1179 2407 1237 2469 hoc

173 2533 297 2592 tantum
321 2531 427 2606 miror,
453 2553 514 2592 non
538 2530 677 2612 potuisse
702 2530 798 2592 etiam
821 2529 913 2612 plura
934 2529 1080 2613 exempla
1098 2530 1237 2595 adferre.

173 2652 234 2718 Vr.
269 2655 308 2717 15
334 2659 365 2718 ct
389 2656 430 2717 25
454 2656 612 2737 particula
635 2655 815 2737 copulativa
839 2655 954 2717 omissa
978 2658 1036 2730 est,
1059 2654 1117 2717 sed
1144 2678 1240 2719 nemo

174 2783 221 2842 est
244 2780 321 2862 quin
344 2780 521 2861 intellegat,
545 2779 694 2843 Rutilum
714 2783 746 2841 et
768 2778 909 2862 Largam
933 2800 996 2841 non
1019 2778 1125 2842 minus
1153 2802 1242 2844 com-

173 2904 264 2966 mode
288 2904 405 2980 induci,
431 2925 525 2985 quam
548 2905 581 2966 in
605 2903 763 2986 prioribus
784 2903 927 2965 versibus
944 2903 1119 2966 aleatorem
1137 2906 1243 2968 nebu-

173 3027 354 3110 lonemque,
390 3028 534 3110 quamvis
568 3027 651 3089 inter
685 3026 741 3089 hos
778 3027 865 3089 duos‘
888 3026 1054 3108 particula,
1091 3049 1168 3109 quae
1194 3022 1244 3092 est

173 3174 231 3214 nec
268 3152 311 3231 (v.
336 3153 379 3234 6),
415 3153 573 3215 inculcata
607 3153 657 3216 sit.
706 3151 890 3216 Coniunctio
926 3151 1107 3234 copulativa
1140 3176 1173 3216 v.
1199 3156 1244 3217 44

175 3277 381 3355 desideratur,
417 3278 471 3339 sed
496 3277 593 3340 etiam
617 3300 644 3340 v.
670 3278 722 3339 li.
770 3277 815 3339 At
837 3300 920 3340 nova
943 3298 1017 3358 pars
1040 3276 1152 3341 satirae
1178 3301 1246 3342 non

177 3400 290 3482 incipit
314 3424 332 3462 a
355 3423 384 3463 v.
410 3403 462 3479 47,
486 3402 599 3484 incipit
623 3425 640 3464 a
663 3424 693 3465 1.
718 3402 780 3463 44?
815 3399 874 3480 lta,
899 3401 954 3464 sed
970 3404 1115 3465 nontam
1134 3403 1247 3468 aliena

173 3543 385 3550 ——.——.-.

283 3608 303 3679 ³)
323 3611 417 3665 Weiss
436 3613 454 3665 l.
475 3613 493 3665 l.
513 3632 538 3681 p.
562 3614 604 3666 ll.
