2828 4612
622 296 795 360 ..Ἢ-

178 474 296 550 satirae,
321 473 398 555 quid
422 474 594 556 optandum
617 471 668 550 sit,
694 473 833 556 exponit.
881 471 1079 556 Quamquam
1101 473 1135 536 in
1152 495 1237 536 erro-

177 601 264 663 ribus
300 598 493 681 castigandis
516 597 589 661 telis
613 598 713 660 acutis
736 598 891 662 irrisionis
913 621 1000 662 more
1025 620 1080 661 suo
1103 598 1150 660 uti
1173 620 1236 661 non

178 723 312 801 dubitat,
347 727 463 800 tamen,
488 744 559 786 cum
582 721 643 785 hac
667 723 765 784 satira
789 724 901 786 docere
925 724 1029 805 potius
1053 745 1149 805 quam
1172 722 1234 785 ini·

176 849 273 911 micos
308 848 471 932 exagitare
495 847 631 924 studeat,
656 847 692 909 fit
715 850 750 909 ut
774 848 876 911 oratio
899 870 962 910 nou
986 852 1051 910 tam
1076 847 1235 911 concitata

178 975 232 1036 aut
266 994 378 1054 aspera
413 971 454 1034 sit
489 993 585 1054 quarn
621 971 654 1034 in
688 971 847 1054 prioribus
875 972 990 1035 satiris.
1033 969 1099 1035 -Sed
1122 970 1236 1034 harum

176 1119 299 1180 quoquc
324 1119 401 1174 esse,
426 1097 464 1159 de
488 1097 612 1180 quibua
632 1097 720 1180 ,quod
737 1097 776 1159 ad
792 1096 968 1160 orationem
984 1097 1132 1179 pertinet,
1150 1097 1234 1160 idem

176 1223 243 1285 fere
266 1222 383 1299 valeat,
408 1221 472 1284 iam
495 1221 606 1303 Lupus
630 1220 811 1284 observavit
830 1220 864 1301 ¹).

227 1370 230 1377 ·
281 1346 519 1430 Argumentum
553 1345 659 1408 satirae
688 1346 818 1408 decimae
843 1368 861 1407 a
885 1342 1035 1407 Iuvenale
1059 1344 1119 1407 hoc
1142 1345 1235 1407 modo

176 1471 361 1553 disponitur.
409 1468 554 1552 Quinque
589 1474 662 1532 sunt
684 1473 768 1546 vota,
804 1490 875 1551 quae
898 1468 1055 1549 imprimis
1079 1446 1180 1532 libero
1204 1472 1237 1531 et

176 1596 313 1677 sapienti
337 1594 464 1658 homine
487 1595 620 1678 indigna
643 1597 759 1657 censet.
799 1592 883 1657 Nam
908 1597 962 1656 aut
985 1593 1160 1675 potentiam
1184 1614 1236 1655 eos

176 1724 326 1803 exoptare
352 1721 555 1798 demonstrat,
581 1723 635 1782 aut
658 1719 881 1802 eloquentiam,
905 1721 960 1781 aut
983 1718 1109 1781 laudem
1132 1719 1234 1800 impe-

175 1845 335 1920 ratoriam,
373 1848 427 1908 aut
454 1846 553 1908 vitam
588 1844 717 1929 longam
742 1847 797 1906 aut
822 1844 956 1907 formam
980 1844 1118 1926 corporis
1142 1864 1235 1927 egre·

177 1970 273 2053 giam.
320 1970 369 2034 De
393 1972 537 2052 potentia
561 1970 629 2054 agit
645 1980 702 2034 “00.
728 1971 891 2047 56-113,
916 1970 953 2031 (10
979 1968 1160 2051 eloquentia
1182 1991 1232 2031 00.

177 2096 361 2172 114--132,
387 2095 424 2157 de
448 2095 541 2157 laude
566 2094 771 2175 imperatoria
795 2117 845 2157 00.
870 2094 1053 2170 133-187,
1083 2094 1235 2156 (1000110-

176 2223 263 2281 ctute
286 2241 336 2280 00.
363 2219 547 2294 iss-288,
572 2219 610 2280 de
631 2218 828 2280 formositate
844 2241 893 2280 00.
912 2219 1096 2282 289—345.
1131 2217 1235 2280 Maxi·

176 2364 260 2403 mam
283 2341 383 2424 igitur
406 2344 530 2421 partem
554 2344 647 2422 poeta
672 2342 827 2402 senectuti
851 2342 915 2418 dat,
940 2341 1007 2404 sine
1032 2342 1127 2404 dubio
1150 2343 1233 2424 quod

176 2465 254 2547 ipse,
290 2464 407 2546 quippe
442 2464 497 2547 qui
521 2467 553 2526 et
576 2486 671 2527 senex
696 2467 779 2527 esset
803 2467 834 2526 et
857 2465 957 2528 multa
981 2468 1141 2547 expertus
1166 2487 1231 2547 prae

176 2589 247 2652 aliis
282 2589 414 2652 suadere
450 2589 571 2653 civibus
606 2611 697 2672 posse
733 2589 794 2653 sibi
829 2589 914 2652 visus
939 2592 996 2667 est,
1021 2589 1081 2653 hoc
1106 2590 1234 2652 deorum

175 2715 290 2778 donum
314 2736 377 2777 non
401 2736 468 2778 esse
492 2736 685 2798 magnopere
710 2716 932 2796 expetendum.
972 2713 1032 2778 Vv.
1059 2715 1233 2779 346—366

175 2838 396 2920 pulcherrimis
420 2839 526 2903 verbis
550 2838 688 2921 exponit,
705 2839 977 2920 quidhominibus
993 2840 1166 2920 optandum
1182 2839 1232 2902 sit.

281 2960 341 3025 Illa
358 2964 505 3046 partitio
540 2985 597 3026 sua
631 2985 664 3026 se
696 2967 807 3046 sponte
830 2965 922 3027 nobis
946 2964 1046 3027 offert.
1094 2961 1234 3048 Singulis

174 3086 252 3150 locis
287 3088 413 3170 singula
439 3088 517 3150 vitia
541 3091 827 3152 commemorantur
850 3109 908 3152 nec
931 3088 1046 3150 transit
1069 3090 1109 3151 ab
1134 3088 1233 3151 altero
1323 3097 1324 3100 ’

176 3211 215 3273 ad
250 3211 385 3273 alterum
419 3215 524 3293 poeta,
560 3212 744 3295 priusquam
776 3234 842 3275 rem
866 3213 1061 3296 propositam
1085 3234 1124 3276 ex
1148 3213 1238 3301 omni¹

174 3338 265 3419 parte
290 3334 490 3398 examinavit.

281 3459 484 3523 Difficiliores
507 3460 530 3523 ii
554 3482 662 3525 versus
686 3466 768 3537 sunt,
793 3461 847 3545 qui
872 3462 943 3525 inde
962 3464 1002 3526 ab
1018 3463 1109 3526 initio
1126 3463 1233 3526 satirae

174 3606 272 3667 usque
297 3585 337 3647 ad
360 3607 389 3647 0.
415 3585 456 3648 56
479 3585 640 3670 leguntur.
687 3585 845 3650 Prooemii
867 3586 938 3650 loco
961 3586 1073 3650 haberi
1089 3591 1229 3670 possunt,

283 3795 302 3864 ¹)
322 3798 352 3850 B.
372 3797 459 3852 Lucus
479 3797 536 3850 1.1.
555 3816 584 3866 p.
603 3798 650 3851 46:
678 3797 752 3852 idem
772 3798 848 3852 valet
866 3797 953 3852 etiam
971 3798 1000 3851 in
1021 3798 1114 3852 satiris
1133 3799 1185 3852 VII
1204 3802 1233 3853 et

173 3887 247 3948 VIII,
276 3903 392 3954 quarum
420 3889 537 3954 utraque
562 3887 759 3941 commentatio
778 3887 871 3956 potius
891 3891 933 3942 est
950 3905 999 3956 per
1018 3887 1106 3941 otium
1126 3887 1234 3956 excogi-

174 3979 244 4036 tata,
263 3994 347 4043 quarn
366 3976 453 4029 satira
472 3976 633 4030 exardenti
652 3975 846 4044 indignatione
865 3980 949 4045 atque
968 3976 1011 4032 ira
1029 3977 1154 4032 oriunda.
