2828 4612
604 289 800 353 -128—

165 446 274 530 ¹Multo
299 467 411 530 melius
435 488 503 529 esse
527 466 606 528 mihi
630 466 755 529 videtur
778 467 849 546 post
873 486 981 528 career
1004 465 1240 550 interpungere

173 595 204 654 et
238 593 374 655 rusticus
409 592 505 654 verbo
530 594 694 673 exspectas
719 590 897 654 adnectere.
943 587 1104 652 luvenalis
1130 590 1240 654 dicere
1280 632 1284 651 .

171 717 249 792 vult,
278 716 431 778 rusticum
455 718 578 778 tantum
603 715 762 779 hominem
787 715 941 797 pudicitia
964 714 1136 777 mulierum
1163 736 1240 779 cou-

171 840 279 903 fidere.
328 839 393 903 cfr.
418 861 488 922 quae
514 840 594 902 dixit
616 837 673 901 Vl.
700 841 844 903 55—57:

279 1017 387 1072 rna-gna
410 1001 510 1055 tamen
533 997 613 1054 inme
637 1002 681 1054 est
705 997 857 1054 cuiusdam
881 1016 950 1054 rure
974 999 1100 1071 paterno

278 1105 425 1162 viventis?
453 1105 535 1161 vivat
560 1103 660 1161 Gabiis
684 1107 719 1160 nt
741 1104 816 1160 vixit
838 1103 868 1160 in
893 1122 974 1175 agre,

278 1212 359 1268 vivat
383 1211 512 1279 Fidenis,
538 1215 567 1268 et
591 1211 686 1285 agello
710 1211 781 1268 cedo
804 1218 929 1285 paterno

278 1373 327 1438 De
363 1374 434 1437 odio
462 1378 562 1456 poetae
587 1374 620 1435 in
644 1373 801 1451 mulieres
826 1373 908 1455 quod
932 1372 992 1435 huc
1016 1395 1146 1456 qunque
1171 1373 1242 1437 loeo

172 1499 336 1582 patefecit,
370 1498 423 1560 rix
448 1498 600 1580 estquod
624 1520 782 1561 moneam:
818 1501 927 1593 notum
952 1502 1000 1560 est
1024 1519 1063 1559 ex
1087 1497 1241 1562 omnibus

173 1624 240 1687 fere
264 1624 370 1686 satiris
396 1624 462 1685 eius
487 1621 566 1702 (cfr.
590 1620 754 1706 Weiseum
777 1645 809 1704 p.
837 1621 900 1702 16),
1282 1690 1284 1723 Ι

278 1747 357 1811 Tam
393 1749 517 1829 ineptos
552 1770 600 1809 vv.
636 1749 765 1811 31-33
789 1745 987 1809 Ribbeekius
1011 1768 1079 1810 esse
1104 1746 1187 1809 dicit
1206 1746 1240 1827 ¹),

173 1878 208 1935 ut
243 1873 358 1935 alteros
393 1873 431 1933 iis
468 1871 586 1933 similes
622 1872 705 1953 apud
740 1868 923 1933 Iuvenalem
956 1871 1075 1933 frustra
1098 1892 1239 1953 quaeras

174 1996 256 2071 Quid
281 1995 340 2059 hoc
365 1999 432 2059 est?
468 1993 580 2058 Nonne
606 2000 637 2058 et
660 2018 735 2058 vern
759 1999 840 2073 sunt,
866 2017 936 2078 quae
960 1995 992 2057 in
1016 1996 1238 2073 indicuntur,

175 2123 206 2183 et
241 2122 320 2183 bene
345 2121 539 2202 composita?
575 2118 732 2193 Quidnam
755 2120 898 2198 haberet,
922 2121 1004 2202 quod
1028 2120 1061 2182 in
1086 2120 1127 2182 iis
1152 2121 1238 2184 vitu-

173 2249 311 2328 peraret,
336 2268 399 2308 non
422 2245 565 2326 protulit.
605 2245 701 2328 Legit
724 2245 777 2307 ille
802 2245 928 2327 quidem
953 2245 1089 2307 subeunt
1105 2243 1152 2324 (v.
1172 2245 1237 2328 33),

174 2393 244 2453 quse
268 2371 372 2446 lectis,
397 2392 587 2452 quamquam
612 2370 645 2431 in
668 2371 735 2432 eod.
760 2369 795 2432 P.
813 2374 870 2447 est,
887 2370 1077 2432 removenda
1092 2370 1236 2447 videtum

174 2496 275 2558 altera
299 2496 365 2573 illa,
390 2496 534 2571 subeant,
559 2517 654 2576 quam
678 2517 716 2557 ex
736 2516 760 2554 ω
775 2495 896 2576 recepit
912 2491 1051 2571 lebuine,
1069 2494 1239 2558 meliorem

173 2621 277 2683 reddit
300 2624 501 2684 sententiam.
540 2619 723 2682 Domestica
746 2619 885 2702 pertinet
910 2619 948 2681 ad
972 2619 1119 2700 exempla
1136 2619 1239 2700 (Her-

173 2767 305 2807 mannus
329 2767 392 2807 non
416 2748 500 2807 reete
525 2744 725 2827 interpungit
749 2747 821 2805 ante
842 2742 900 2806 hoe
918 2743 1135 2820 adientium),
1161 2766 1239 2807 nam

173 2891 277 2932 sermo
301 2873 348 2930 est
373 2869 410 2930 de
434 2869 473 2930 iis
495 2869 572 2951 ipsis
589 2868 751 2950 exemplis
769 2890 838 2950 quae
855 2872 1003 2951 parentes
1019 2866 1129 2930 liberis
1147 2868 1237 2946 dant,

173 2997 205 3055 et
228 2996 376 3074 parentes
401 2993 509 3076 magni
534 2996 677 3055 auctores
700 2994 768 3055 iure
793 2993 1003 3074 appellantur.

279 3117 409 3180 Rectius
445 3115 591 3179 Weiseus
626 3139 696 3179 eum
733 3118 770 3180 de
802 3117 908 3199 pravis
933 3116 1178 3179 transitionibus
1203 3118 1238 3180 in

174 3265 212 3304 ea
235 3247 337 3325 parte,
362 3264 432 3324 quse
457 3265 507 3305 vr.
533 3243 661 3304 74—85
686 3242 836 3319 eontinet,
852 3242 1043 3324 loqueretur,
1062 3262 1133 3302 eam
1150 3243 1239 3305 vitu·

173 3390 286 3449 perure
321 3368 486 3450 potuisset,
517 3389 587 3449 quse
613 3370 661 3429 est
683 3389 713 3430 v.
738 3368 789 3436 81,
814 3389 909 3449 quam
934 3388 986 3428 eas
1010 3386 1080 3448 quae
1104 3370 1182 3428 sunt
1206 3389 1237 3430 r.

178 3491 218 3553 74
244 3495 327 3554 etv.
354 3493 405 3567 ῘῙ,
429 3514 503 3554 nam
526 3492 602 3554 illud
628 3492 682 3553 sed
706 3492 872 3554 molestum
895 3494 958 3553 est:

263 3658 313 3714 sed
336 3659 464 3731 leporem
490 3661 543 3713 aut
568 3676 702 3731 capream
726 3657 845 3713 famulae
868 3655 946 3713 Iovis
971 3659 1000 3713 et
1022 3674 1174 3730 generosae

262 3763 291 3818 in
315 3765 393 3821 saltu
416 3768 564 3820 venantur
588 3783 657 3820 ures

284 3968 302 4034 ¹)
322 3970 441 4022 Rnumerr
462 3969 479 4020 l.
500 3969 517 4021 l.
536 3988 563 4037 p.
584 3970 625 4022 ¹28.
