2828 4612
496 321 534 329 -
562 286 623 348 roa
650 246 700 329 -’

38 461 168 538 fixam,
200 462 255 545 qui
279 463 418 541 audiant,
444 484 512 526 esse
536 462 704 527 haesuranr.
725 541 730 551 ¹
750 462 893 526 Primum
917 463 1001 527 enim
1025 464 1056 526 in
1082 465 1121 526 iis

44 587 217 665 versibus
254 587 308 650 ubi
343 609 446 651 sermo
482 589 529 650 est
564 587 602 651 de
627 588 765 670 antiquis
789 588 852 651 illis
876 592 908 651 et
930 589 1121 652 felicissimis

45 712 260 794 temporibus
284 711 347 791 (vv.
373 711 526 793 ari—52),
552 713 651 775 multa
675 714 713 776 de
738 700 797 775 diis
821 716 853 775 et
877 714 994 776 deabus
1018 713 1120 776 iocose

51 836 148 898 dicta
182 836 369 918 reperimus
398 858 468 918 quae
492 837 620 918 quidem
644 837 737 899 nimis
762 838 894 901 audacia
918 841 950 900 et
973 841 1121 920 proterva

49 959 163 1023 videri
198 961 335 1042 possint3
371 961 425 1023 sed
461 961 536 1042 quid
571 958 739 1039 iuvenalis,
768 961 795 1023 si
819 983 868 1024 res
890 962 1041 1024 attentius
1066 984 1120 1024 ex·

52 1085 217 1166 quiratur‚
256 1085 294 1147 de
329 1084 457 1147 numine
493 1085 622 1148 deorum
655 1085 781 1164 sentiat,
806 1090 1008 1168 perspectum
1031 1087 1121 1150 nobis

55 1212 119 1288 est,
155 1213 190 1271 ut
225 1209 257 1271 id
292 1230 392 1293 genus
428 1210 522 1287 dicta,
553 1210 665 1292 'qualia
688 1209 740 1272 hic
764 1209 927 1289 habemus
953 1211 1122 1275 advirum

56 1355 207 1397 resecare
230 1355 293 1396 non
317 1355 394 1416 opus
418 1333 468 1397 sit.
505 1333 553 1397 De
578 1334 716 1417 antiquis
740 1334 856 1398 fabulis
880 1336 981 1416 deque
997 1336 1122 1399 usitatis

56 1458 284 1541 perceptisque
320 1459 556 1542 cognitionibus
581 1459 711 1522 deorum
735 1459 832 1522 iocari
855 1463 975 1540 potest:
1001 1460 1038 1522 de
1063 1483 1122 1522 nu-

57 1584 145 1646 mine
183 1604 291 1646 eorum
326 1604 386 1644 non
423 1583 510 1645 item.
557 1582 650 1645 Alter
685 1586 732 1645 est
766 1583 853 1646 locus
877 1582 939 1664 (vr.
966 1583 1119 1664 (ir-70),
1170 1622 1173 1627 -

57 1707 115 1772 ubi
141 1708 257 1790 probos
281 1706 425 1770 homines
449 1710 515 1769 tam
538 1729 625 1770 raros
650 1729 717 1770 esse
741 1708 827 1786 dicit,
853 1711 897 1786 ut,
921 1709 974 1790 qui
998 1708 1120 1771 inveni-

58 1835 166 1905 antur,
204 1854 275 1895 cum
310 1833 419 1914 quovis
443 1836 582 1896 monstro
605 1833 742 1895 conferri
765 1833 897 1914 possint,
922 1855 992 1915 quae
1016 1833 1121 1896 omnia

59 1958 179 2019 mirum
206 1957 239 2018 in
262 1957 390 2019 modum
415 1961 600 2041 exaggerat,
625 1958 679 2020 sed
704 1953 886 2020 Iuvenalem
910 1958 1120 2041 agnoscimus,

57 2080 150 2156 Quod
190 2082 285 2144 etiam
319 2082 404 2144 valet
439 2082 476 2144 de
501 2082 550 2160 iis,
575 2086 644 2164 qua
668 2082 763 2163 paulo
786 2082 869 2144 infra
892 2086 955 2157 (vv.
980 2084 1121 2159 78-85)
1153 2081 1165 2101 '
1206 2146 1208 2149 .

60 2207 229 2291 leguntur;
254 2210 321 2270 tota
340 2207 405 2269 illic
422 2208 666 2270 armamentaria
682 2207 752 2270 caeli
768 2183 1001 2289 perscrutatum
1029 2205 1121 2270 Adde

59 2354 113 2395 vv.
139 2333 324 2409 lla-119,
349 2332 403 2413 qui
426 2353 535 2394 versus
560 2331 815 2393 consuetudinem
840 2333 941 2412 poetae
964 2331 1122 2396 scribendi

58 2456 179 2518 mirum
208 2459 360 2537 quantum
385 2456 521 2538 produnt
544 2455 777 2537 maximamque
802 2455 1041 2518 similitudinem
1064 2455 1121 2518 ha·

57 2582 140 2645 bent
176 2601 247 2642 cum
282 2581 363 2644 aliis
392 2580 445 2661 qui
469 2580 500 2642 in
525 2580 684 2662 prioribus
709 2579 813 2642 satiris
837 2579 997 2663 leguntur.
1044 2579 1120 2654 Quae

55 2705 168 2770 omnia
202 2704 338 2786 probant
364 2701 546 2768 iuvenalem
571 2704 632 2768 sibi
656 2708 811 2768 constare.
860 2703 1040 2787 Composita
1063 2707 1120 2781 est,
1155 2776 1158 2782 4

56 2828 167 2912 inquit
204 2828 406 2891 Heinrichius
426 2830 458 2910 ¹),
495 2829 563 2892 haec
599 2830 696 2892 satira
723 2829 795 2892 stilo
820 2851 892 2892 vere
917 2826 1121 2891 Iuvenaliano

58 2959 95 3017 et
120 2975 158 3016 ea
182 2953 410 3036 indignatione,
434 2975 504 3036 quae
530 2954 678 3016 admixtis
702 2953 820 3017 salibus
845 2975 881 3015 ac
902 2953 1025 3016 facetiis
1041 2956 1122 3016 tenr-

54 3080 203 3162 peratur.
250 3075 348 3140 Recte
372 3077 500 3140 iudicat.

174 3199 242 3264 ianr
288 3202 492 3265 transitiones
538 3202 632 3265 huius
677 3203 783 3265 satirae
822 3202 1120 3265 animadvertamus

56 3327 233 3404 Quaeritun
269 3327 423 3393 subitaene
454 3327 518 3389 sint
541 3331 573 3389 et
595 3327 774 3409 improvisae
799 3348 907 3389 necne.
954 3324 1028 3390 Non
1051 3327 1121 3408 pla·

55 3454 138 3516 cent
171 3449 310 3526 Weisea
340 3452 394 3533 qui
418 3452 455 3513 de
480 3452 718 3515 transitionibus
741 3448 952 3513 Iuvenalianis
977 3451 1121 3514 uniuersa

46 3576 113 3641 ‚his
149 3576 255 3639 verbis
290 3576 418 3638 iudicat.
466 3573 651 3638 Saturarum
686 3578 802 3657 partes,
831 3575 943 3657 inquit,
967 3597 1029 3637 non
1055 3579 1121 3637 arte

54 3704 148 3766 inter
182 3721 215 3762 se
252 3700 404 3763 conexas*
421 3704 453 3761 et
486 3703 576 3782 aptas
600 3721 667 3763 esse
692 3700 849 3762 neminem
873 3699 985 3783 fugere
1009 3703 1122 3782 potest,

53 3868 276 3881 ,,....-....-.-

176 3963 346 4034 ¹)Hu1nnrcn
366 3964 383 4017 l.
404 3964 422 4016 l.
441 3965 461 4017 Ι.
481 3983 508 4032 p.
529 3965 587 4017 1⁶21.
