2828 4612
615 302 787 363 ..52-

173 481 315 543 remittat
339 478 407 540 eius
430 499 584 541 memores
600 500 726 561 semper
741 500 809 541 csse
826 479 977 542 debemus
992 490 1057 557 tw.
1075 480 1234 561 ’ΖΒ-34).

172 602 255 677 Quin
288 605 385 666 etiam
408 604 449 686 in·
465 603 604 665 minimis
627 605 721 666 rebus
744 605 854 666 modus
877 605 1050 667 serrandus
1074 610 1146 669 est:
1181 606 1232 689 qui

172 750 234 791 non
268 728 388 792 babeat
421 729 454 789 in
487 727 600 791 loculis
634 730 695 791 nisi
729 729 812 811 quod
844 729 884 791 ad
908 730 1039 812 gobium
1063 731 1233 794 emendum

172 854 318 917 sufficiat.
353 853 485 916 mullum
516 875 556 914 ne
579 854 793 936 concupiscat.
817 876 889 916 nam
914 854 990 936 gula
1013 860 1181 919 crescente
1202 859 1234 919 et

173 978 340 1041 deficiente
364 1000 513 1041 crumena
537 977 577 1040 ad
600 979 834 1042 mendicitatem
852 980 970 1042 sensim
986 980 1184 1064 redigetur(
1223 1032 1229 1044 .

174 1104 328 1183 isa-ta).
375 1102 457 1166 Gula
480 1104 624 1166 dominus
648 1105 784 1166 crudelis
807 1109 865 1171 est.
889 1105 943 1187 qui
967 1126 1076 1167 servos
1099 1106 1231 1189 quodvis

173 1249 274 1310 genus
308 1228 429 1290 fraudis
463 1228 680 1310 scelerumque
716 1229 913 1291 committere
945 1230 1042 1313 cogit,
1066 1252 1108 1292 ne
1131 1231 1232 1313 pudor

174 1353 302 1435 quidem
336 1354 451 1417 obstat.
485 1376 558 1415 nam
590 1353 673 1415 inter
696 1353 727 1414 id
751 1375 852 1436 genus
876 1354 1021 1416 homines
1044 1355 1148 1437 pudor
1170 1355 1231 1419 iam

174 1477 227 1539 diu
251 1478 425 1540 exstinctus
448 1483 496 1540 est
519 1478 582 1556 (rr.
607 1479 761 1557 roma-5).

282 1600 318 1665 In
343 1603 444 1665 altera
468 1610 558 1685 parte
575 1603 680 1665 satirae
697 1599 857 1666 Iuvenalis
873 1603 974 1666 scilla
992 1608 1158 1687 praecepta
1173 1626 1232 1668 non

175 1728 266 1789 inodo
291 1727 395 1789 verbis
419 1750 524 1789 verum
542 1729 637 1790 etiam
655 1750 688 1790 re
706 1749 773 1790 esse
791 1729 1068 1810 comprobat-urum
1084 1729 1230 1792 ostendit.

176 1848 294 1913 Invitat
318 1850 477 1914 Persicum
503 1853 542 1914 ad
567 1874 687 1927 cenana
711 1852 814 1935 (prolis
837 1851 906 1915 haec
921 1852 1029 1915 futura
1045 1852 1088 1915 sit
1103 1853 1233 1936 exponit

176 1977 238 2041 (vr.
275 1974 420 2056 56—63)
476 1976 609 2039 Fercula
645 1978 744 2060 igitur
778 1978 818 2040 ab
852 1978 918 2040 oris
951 1999 1049 2059 usque
1085 1978 1126 2040 ad
1149 1954 1261 2041 mala!

176 2106 400 2164 enumerantur
434 2101 497 2180 (rr.
535 2102 688 2182 tit—76),
724 2102 838 2164 deinde
873 2103 997 2184 copiose
1032 2102 1162 2165 disserit
1195 2103 1236 2171 de:

175 2227 287 2309 priscis
322 2227 517 2309 temporibus
553 2228 653 2309 deque
686 2226 877 2301 hominibus,
902 2227 956 2309 qui
979 2230 1047 2288 tum
1071 2226 1230 2301 vivebant,

175 2376 308 2436 quorum
341 2353 580 2436 simplicitatem
610 2357 643 2414 et
666 2351 901 2433 parsimoniam,
926 2351 986 2412 diis
1010 2372 1135 2433 quoque
1159 2373 1231 2436 gra·

175 2483 251 2553 tam,
287 2449 386 2541 elatis¹
414 2479 519 2541 verbis
554 2499 641 2539 more
676 2499 732 2540 suo
767 2475 927 2539 collaudat
961 2475 1026 2555 (vv.
1056 2475 1230 2556 77-119).

175 2604 296 2677 Quibus
331 2589 469 2685 aecpuales
503 2625 576 2664 suos
611 2602 749 2684 opponit,
785 2602 944 2664 luxuriam
978 2623 1085 2664 eorum
1119 2601 1231 2664 acerbe

175 2729 359 2810 vituperans
394 2727 457 2806 (vv.
495 2728 692 2808 leo-129).
737 2725 829 2790 Nihil
863 2726 982 2810 negotii
1011 2747 1045 2788 se
1069 2747 1141 2788 cum
1165 2725 1232 2788 istis

175 2851 355 2915 hominibus
391 2853 468 2915 dicit
494 2851 612 2915 habere
636 2851 698 2932 (vv.
726 2852 923 2931 raa-131).
968 2848 1069 2912 Nulla
1092 2849 1176 2931 apud
1200 2870 1231 2911 se

177 2977 385 3040 invitamenta
420 2978 459 3039 ad
493 2977 650 3040 luxuriam
687 2999 753 3039 esse
789 2976 852 3053 (vv.
881 2975 1081 3054 lat-135);
1118 2995 1233 3056 pueros

176 3102 329 3184 ingenuos
353 3124 537 3184 morumque
560 3101 746 3185 integritate
762 3100 937 3163 laudandos
953 3099 1016 3179 (vv.
1036 3098 1232 3173 136-161).

176 3224 306 3288 Nullum
331 3227 376 3289 ibi
400 3226 503 3289 locum
527 3248 594 3290 esse
611 3226 825 3289 saltatricibus
843 3228 898 3286 aut
914 3224 980 3286 eius
997 3221 1082 3285 modi
1099 3222 1233 3298 scurris3

177 3352 368 3415 carminibus
391 3373 424 3414 se
450 3351 581 3414 Homeri
604 3354 637 3414 et
659 3349 797 3434 Vergilii
821 3349 956 3411 amicum
980 3353 1071 3409 suur'n
1094 3346 1235 3410 delecta·

176 3482 281 3539 turum
306 3498 373 3539 esse
398 3475 461 3553 (vv.
489 3477 684 3550 loa—182).

283 3601 381 3677 Quam
418 3602 458 3664 ob
492 3623 560 3663 rem
593 3600 676 3684 petit
711 3601 751 3663 ab
786 3599 898 3673 amico,
934 3600 969 3659 ut
993 3595 1127 3658 abiectis
1151 3596 1237 3660 curis

177 3750 271 3811 qnann
296 3727 458 3790 celerrime
483 3726 590 3789 veniat
613 3725 676 3803 (vv.
704 3722 899 3803 183-192).
947 3719 1034 3784 Petit
1056 3722 1092 3782 ut
1115 3720 1238 3784 circum

177 3875 216 3915 ne
241 3853 413 3916 desideret:
442 3853 561 3914 circum
585 3851 624 3913 acl
648 3849 786 3927 iuvenca,
811 3870 873 3910 non
896 3847 935 3909 ad
959 3866 1049 3908 senes
1073 3845 1237 3926 pertinere

177 3978 240 4058 (vv.
277 3975 473 4057 193—-20‘2).
520 3974 642 4038 Maiora
682 3995 748 4036 esse
784 3973 1026 4049 oblectamenta,
1060 3991 1133 4052 quae
1169 3970 1238 4033 ruri
1279 3982 1281 3992 ¹
