3084 4814
641 393 813 456 -ῃ,

192 595 242 635 vv.
268 573 398 636 50-53
423 571 613 655 vituperata,
648 592 736 654 seque
770 572 849 635 bene
873 571 913 634 ed
937 593 975 635 11
997 572 1253 640 verbetransire

190 697 299 778 possit,
323 719 394 780 quee
418 683 491 759 sunt

321 872 376 940 die,
401 890 512 945 passer,
537 871 585 928 eui
607 874 654 929 tot
677 874 800 940 montes
826 873 872 928 tot
894 871 1006 945 praedia
1030 875 1147 929 servas?

301 1033 397 1097 Errat
420 1037 576 1117 praeteren
599 1028 803 1112 SohmidtiuS,
828 1057 899 1098 cum
922 1035 1021 1098 verba
1044 1034 1099 1097 1111

474 1211 504 1266 et
528 1211 622 1266 struto
645 1209 759 1282 positus
782 1209 930 1282 longaque
956 1209 1095 1266 cathedra

321 1334 444 1372 munere
467 1314 600 1390 femineis
625 1318 735 1372 tractat
758 1319 870 1372 secrete
893 1315 1032 1374 Kalendis

192 1478 232 1542 ad
268 1481 436 1561 utrumque
472 1478 670 1548 enuntiatum
701 1478 861 1561 pertinere
886 1479 972 1555 dieit,
998 1480 1092 1542 etad
1117 1481 1254 1543 ’'natalis

193 1602 340 1684 quotiens
375 1602 479 1665 redit”
508 1602 602 1664 etad
628 1604 705 1665 ’'nut
728 1602 888 1666 madidum
911 1624 967 1666 ver
990 1603 1135 1686 incipit''.
1180 1591 1253 1667 Nisi

191 1726 272 1790 forte
308 1730 441 1805 constat,
476 1726 646 1807 Virronem
681 1727 722 1792 K.
756 1727 881 1790 Martiis
917 1731 1027 1792 natum
1050 1728 1158 1804 fuisse,
1183 1751 1253 1812 quoe
1286 1788 1287 1794 ,

192 1851 326 1934 quaestio
351 1851 486 1916 difficilis
510 1851 552 1915 sit
575 1853 615 1944 ad
639 1852 883 1935 explanandum.

298 1974 371 2039 Non
402 1976 617 2060 relinquemus
641 1976 697 2040 hos
721 1999 829 2040 versus
852 1977 1038 2060 priusquam
1061 1979 1253 2042 mentionem

190 2100 231 2162 de
256 2101 428 2164 elocutione
453 2102 589 2184 quadam
613 2102 792 2178 fecerimus,
816 2124 887 2186 quae
912 2105 944 2165 et
967 2101 1018 2164 hio
1034 2102 1126 2166 nobis
1143 2125 1252 2167 oecur-

192 2224 235 2286 rit
269 2245 426 2308 quamque
461 2227 495 2288 in
529 2227 687 2309 prioribus
722 2227 827 2314 satiris
855 2227 919 2290 iem
949 2227 1146 2293 offendimus.
1193 2228 1253 2292 Est

191 2371 266 2411 usus
290 2349 344 2412 ille
374 2351 551 2434 particulae,
576 2373 647 2435 quae
672 2354 720 2414 eet
744 2373 793 2428 en,
818 2352 858 2414 ad
881 2351 946 2415 vim
970 2351 1036 2414 eius
1061 2353 1251 2436 eugendum,

191 2474 276 2557 quod
300 2496 371 2538 cum
394 2475 465 2538 odio
489 2478 521 2538 et
543 2475 689 2538 irrisione
714 2476 852 2539 dicutur:

232 2711 237 2722 κ
321 2669 356 2707 en
380 2649 428 2707 eui
451 2652 486 2707 tu
509 2650 632 2708 viridem
656 2650 826 2719 umbellam,
851 2650 898 2708 eui
921 2650 1023 2708 sucina
1047 2651 1164 2708 mittas!

298 2811 419 2887 Quibus
442 2813 547 2878 verbis
571 2817 667 2896 poeta
690 2814 780 2896 quasi
804 2814 836 2877 in
848 2810 958 2877 'unum
977 2836 1015 2877 11
1031 2813 1164 2900 colligit,
1182 2807 1251 2898 qu‘ae

192 2939 393 3014 antecedunt,
429 2941 599 3020 antequam
635 2938 674 3000 ad
709 2925 829 3002 novum
856 2961 924 3001 rem
958 2943 1100 3001 transeat
1119 3004 1121 3008 ,
1138 2938 1189 3002 vel
1213 2939 1253 3002 ad
1365 3005 1368 3010 ,

192 3083 272 3139 11111,
291 3063 335 3131 ,de
358 3063 421 3144 qua
444 3065 569 3146 agatur,
595 3062 1251 3145 1111111111111111111111111111111111111.

192 3183 244 3250 Sic
267 3187 403 3270 legimus
426 3184 469 3251 11.
496 3187 641 3251 72-74:

321 3380 357 3418 en
380 3361 525 3430 hobitum,
551 3382 610 3436 quo
633 3365 663 3420 te
686 3349 765 3437 leges
789 3381 823 3420 ao
846 3363 912 3420 iuro
936 3363 1079 3422 ferentem

319 3468 492 3526 vulneribus
516 3467 614 3526 erudis
637 3470 767 3544 populus
790 3469 877 3528 modo
901 3469 997 3528 victor
1021 3473 1050 3528 et
1072 3471 1147 3528 illud

319 3577 493 3632 montanum
515 3574 619 3650 positis
643 3575 760 3633 audiret
782 3576 890 3652 vulgus
915 3576 1036 3634 aratris!

191 3738 247 3802 ubi
269 3735 424 3801 Weidner
441 3737 464 3814 ¹)
495 3760 603 3802 veram
627 3739 896 3822 significationem
919 3761 991 3802 cum
1014 3740 1095 3803 false
1119 3741 1252 3805 confun-

191 3863 265 3925 dere
289 3862 424 3927 videtur.
471 3861 631 3926 Creticum
653 3861 706 3926 hie
730 3887 748 3927 1
771 3867 865 3946 poeta
887 3864 1023 3944 irrideri,
1047 3865 1252 3930 menifestum

301 4073 320 4144 ¹)
340 4077 373 4129 A.
392 4075 538 4128 Wmouuu:
567 4076 599 4128 D.
612 4075 685 4129 Iunii
698 4076 839 4130 Iuvenalis
853 4080 962 4141 saturae,
977 4076 1091 4148 Leipzig
1104 4078 1181 4142 1873,
1195 4077 1213 4131 1.
1228 4095 1250 4132 e.
