2828 4612
620 340 659 348 --
686 305 793 366 27..

173 486 232 545 est.
277 481 372 544 Multi
396 482 516 547 nostris.
534 482 729 564 temporibus
752 482 826 545 libri
849 482 995 546 vindiciae
1020 480 1233 547 Iuvenalianae

173 607 391 670 inscribuntur
408 606 441 688 ¹).

282 728 395 813 Neque
423 732 456 810 ii,
481 732 535 814 qui
559 731 615 794 hos
639 705 763 795 libellos
787 734 1040 814 composuerunt,
1065 732 1239 816 integritas

176 860 241 919 tem
276 852 434 919 Iuvenalis
469 857 639 919 satirarum
674 856 741 919 sine
777 877 872 920 causa
904 857 1073 920 defendere
1096 858 1232 920 student.

175 979 248 1044 Sive
295 981 378 1042 enim
424 980 631 1044 elocutionem
670 955 866 1063 respicimus
906 982 972 1045 sive
1012 983 1233 1064 argumentum

173 1104 287 1186 ipsum,
312 1105 464 1167 maiorem
485 1105 570 1167 inter
593 1105 714 1186 priores
738 1107 770 1168 et
786 1105 974 1187 posteriores
991 1105 1104 1168 satiras
1121 1105 1235 1167 simili·

172 1229 316 1291 tudinem
351 1229 548 1292 intercedere
583 1229 770 1305 videbimus
795 1252 891 1312 quam
913 1233 949 1292 ut
972 1228 1043 1291 illas
1067 1232 1235 1293 tantuma

176 1350 335 1428 Iuvenale,
372 1353 429 1416 has
465 1355 504 1417 ab
539 1354 698 1417 imitatore
734 1355 868 1436 scriptas
904 1375 971 1416 esse
1000 1354 1235 1418 contendamus,

173 1475 245 1540 Nisi
269 1478 361 1553 forte,
386 1478 468 1559 quod
485 1480 597 1541 monet
609 1476 766 1555 Weiseus‚
784 1469 1041 1560 interpolatorem
1057 1478 1153 1540 istum
1169 1480 1236 1541 tam
1296 1534 1300 1542 .

175 1603 346 1683 diligenter
379 1604 500 1664 ettam
523 1602 661 1665 feliciter
684 1598 867 1665 Iuvenalem
891 1602 1051 1664 imitatum
1076 1624 1142 1665 esse
1167 1624 1236 1664 cre·

174 1727 241 1804 das,
266 1729 301 1788 ut
324 1726 515 1808 interpolata
538 1749 556 1788 a
580 1725 727 1810 genuinis
752 1726 888 1789 discerni
911 1748 974 1788 non
997 1726 1128 1808 possint.

281 1848 356 1913 Non
391 1850 428 1913 de
463 1851 610 1914 omnibus
640 1851 783 1914 versibus
808 1850 976 1914 satirarum
999 1847 1152 1914 X--XVI
1175 1849 1236 1914 hoc

175 1975 290 2051 valere,
328 1975 421 2039 facile
458 1976 601 2039 concedo.
648 1975 696 2038 Re
731 1998 806 2039 vera
841 1976 874 2038 in
897 1975 935 2038 iis
959 1975 1059 2038 multa
1082 1976 1236 2054 videmus

174 2122 256 2182 quae,
282 2100 378 2163 etiam
402 2100 427 2162 si
452 2124 470 2162 a
494 2097 643 2163 Iuvenale
668 2100 879 2163 abiudicanda
895 2121 962 2162 esse
979 2122 1041 2163 non
1058 2100 1235 2178 videantur,

175 2227 282 2286 tamen
313 2246 331 2285 a
354 2224 498 2286 sollemni
522 2224 589 2286 eius
614 2223 739 2285 dicendi
763 2245 879 2306 genere
904 2224 1156 2305 quodammodo
1180 2225 1236 2288 ab·

176 2347 337 2410 horreant.
385 2345 446 2408 Sed
480 2368 520 2408 ne
556 2345 624 2408 haec
649 2346 776 2428 quidem
800 2346 969 2424 sufficiunt,
993 2346 1020 2408 si
1044 2346 1116 2409 inde
1141 2369 1236 2430 argu·

176 2474 285 2533 menta
308 2491 432 2531 sumere
457 2469 601 2547 velimus
620 2469 734 2551 quibus
750 2468 963 2560 Ribbeckium
980 2472 1065 2532 recte
1081 2469 1236 2534 iudicasse

174 2596 356 2676 probemus.
397 2592 491 2657 Cuius
516 2594 553 2656 de
578 2593 736 2657 sententia
751 2595 849 2657 verba
865 2591 969 2656 Iahnii
980 2593 1007 2674 2)
1023 2593 1152 2657 omnino
1167 2615 1237 2657 mea

176 2719 277 2782 facio:
308 2718 404 2782 dubia
428 2721 518 2782 acute
542 2719 677 2782 movisse
702 2717 914 2782 Ribbeckium
938 2740 1084 2800 agnosco,
1109 2719 1164 2781 sed
1187 2740 1238 2782 re-

156 2840 315 2907 ‘medium
347 2865 410 2925 quo
433 2843 534 2905 utitur
556 2843 608 2906 vel
630 2844 702 2906 ideo
726 2842 882 2925 displicet,
907 2843 990 2944 quod
1013 2843 1098 2905 omni
1122 2844 1238 2925 proba·

177 2967 301 3030 bilitate
337 2971 433 3030 caret.
481 2964 679 3048 Quamquam
715 2967 799 3030 enim
831 2967 863 3029 in
887 2987 993 3030 rerum
1016 2971 1130 3030 natura
1153 2967 1238 3030 haud

177 3112 249 3153 raro
282 3112 355 3154 vere
389 3091 457 3154 fieri
481 3091 599 3166 videas,
623 3113 694 3174 quae
718 3091 850 3154 narratu
873 3112 935 3154 non
958 3091 1138 3173 probabilia
1161 3090 1235 3168 sint,
1322 3107 1323 3110 ’

178 3216 285 3275 tamen
320 3213 353 3274 in
383 3214 469 3276 omni
493 3218 571 3291 arte,
597 3215 721 3296 quando
744 3236 817 3276 raro
841 3214 947 3277 evenit
970 3218 1006 3276 ut
1029 3215 1105 3297 quid
1128 3235 1238 3278 verum

176 3337 220 3398 sit
243 3335 338 3398 certis
362 3337 558 3420 argumentis
582 3338 718 3416 evincas
742 3338 942 3401 omnimodo
966 3337 1172 3401 adnitendum
1191 3340 1239 3400 est

178 3515 391 3522 -...-.---

288 3617 307 3686 ¹)
327 3619 358 3672 B.
384 3618 485 3674 Lurus:
513 3606 1094 3683 VindioiaeIuvenalianae{Bonnae18643
1123 3618 1153 3673 Ο.
1173 3618 1240 3672 Msr·

178 3727 271 3761 uram:
298 3707 382 3762 Vind.
409 3707 533 3762 Iuvenal.
557 3706 664 3776 Regim.
685 3708 767 3773 1866;
797 3709 826 3761 Ρ.
846 3709 986 3761 Dor-arsen:
1014 3707 1096 3760 Vind.
1115 3707 1238 3762 Iuvenal.

179 3798 298 3850 Monast.
328 3796 409 3860 1870;
437 3795 470 3848 R.
499 3796 608 3849 Warss:
636 3795 719 3850 Vind.
747 3796 871 3851 Iuvenal.
909 3796 989 3850 Halia
1014 3796 1178 3860 Sax.1884;
1207 3795 1239 3849 G.

180 3886 339 3938 Mossuanu:
367 3884 450 3938 Vind.
470 3884 594 3938 Iuvenal.
631 3883 733 3952 Lipsiae
753 3883 820 3938 1887
841 3889 894 3940 oet.

289 3970 309 4040 ¹)
329 3973 360 4027 Ο.
379 3972 450 4026 Jnus
468 3972 498 4025 in
516 3972 681 4041 praefatione
700 3972 831 4027 editionis
851 3974 921 4029 1868
940 3992 968 4042 p.
988 3975 1030 4028 10.
