2828 4612
544 282 802 355 .-147-

174 463 321 527 transitio
360 467 407 527 est
445 486 474 528 v.
510 463 563 540 35,
602 463 656 527 ubi
690 461 880 545 particulam
914 482 997 525 nunc
1032 461 1232 526 coniunctivo

176 589 342 665 adnexam,
367 592 401 651 ut
424 589 493 651 aliis
518 588 595 652 locis
618 586 816 672 imperativo,
841 587 1029 652 invenimus

285 713 497 793 Heinrichiua
530 715 584 798 qui
612 715 828 798 incorruptam
851 713 944 777 buius
968 713 1073 777 satirae
1097 712 1233 797 integri-

175 842 274 903 tatem
298 839 502 904 vehementer
525 840 703 924 impugnat,
727 843 834 903 tamen
857 839 925 922 ipse
950 839 1102 915 concedit,
1124 837 1232 921 proxi-

174 988 243 1028 mas
279 987 399 1044 causas,
434 965 548 1049 quibus
584 987 653 1028 eam
688 961 879 1028 aluvenale
903 987 966 1028 non
990 985 1057 1027 esso
1082 963 1233 1046 scriptam

176 1091 391 1154 demonstrare
416 1090 581 1173 possimus,
606 1090 732 1153 omnino
755 1090 938 1167 desiderari,
960 1111 1031 1153 cum
1047 1110 1110 1153 non
1125 1088 1234 1173 magni

175 1216 327 1279 momenti
357 1215 409 1293 sit,
433 1216 515 1299 quod
539 1214 572 1278 in
595 1214 752 1278 nonnullis
777 1214 936 1278 codicibus
959 1206 1023 1277 non
1045 1212 1235 1291 inveniatur,

149 1384 152 1389 -
176 1362 235 1403 nec
259 1343 345 1404 corta
369 1342 557 1424 argumenta
579 1339 741 1418 historica,
765 1362 836 1422 quae
861 1339 1016 1418 dicuntur,
1041 1362 1079 1402 ex
1103 1361 1141 1402 ea
1165 1339 1235 1421 ipsa

176 1465 257 1529 sumi
281 1467 403 1549 possint
433 1472 454 1541 ).

283 1591 371 1666 Quod
405 1613 480 1655 vero
516 1591 593 1654 dicit
629 1590 843 1659 Heinrichius.
874 1612 942 1654 esse
967 1590 998 1653 in
1023 1590 1122 1653 satira
1145 1594 1235 1653 sexta

177 1717 300 1781 decima
333 1739 453 1794 versus,
489 1717 543 1799 qui
578 1738 754 1780 sermonem
778 1713 1018 1779 Iuvenalianum
1041 1715 1132 1779 valde
1157 1717 1235 1779 resi-

176 1842 277 1923 piant,
302 1845 334 1905 et
357 1843 439 1925 quod
464 1842 496 1905 in
521 1863 558 1904 ea
582 1840 777 1906 Ribbeckius
795 1841 905 1904 laudat
920 1863 951 1925 p.
970 1842 1021 1915 71,
1038 1841 1070 1904 id
1086 1840 1125 1904 iis
1141 1840 1235 1905 facile

177 1967 397 2031 concesserim.
444 1965 581 2030 Satiram
616 1967 698 2030 enim
736 1990 754 2029 a
789 1964 939 2030 Iuvenale
974 1966 1125 2050 scriptam
1155 1988 1236 2044 esse,

177 2115 249 2173 cum
273 2092 343 2155 aliis
368 2093 470 2155 causis
494 2091 616 2170 ductuS,
640 2096 708 2155 tum
731 2091 780 2168 iis,
805 2114 875 2174 quie
900 2091 1024 2174 inipso
1048 2094 1236 2175 argumento

177 2219 266 2282 etin
290 2218 471 2301 argumenti
495 2217 699 2300 dispositione
723 2217 792 2280 sitae
816 2220 899 2292 sunt,
923 2215 1002 2278 mibi
1026 2216 1177 2298 persuasi.

283 2341 366 2406 Nam
391 2343 418 2406 si
442 2344 480 2406 de
504 2345 692 2427 argumento
716 2341 867 2404 iudicium
891 2341 1035 2405 universe
1060 2339 1165 2403 facere
1182 2363 1236 2404 vo-

176 2467 291 2544 lumus
315 2468 384 2550 quis
409 2489 469 2530 non
494 2468 590 2544 videt,
614 2470 733 2550 quanta
757 2465 998 2544 dissimulantis,
1021 2487 1116 2547 quam
1131 2464 1237 2548 lepido

179 2592 304 2655 dicendi
340 2614 467 2676 genere,
504 2595 623 2675 quanta
657 2591 801 2655 irrisione
837 2594 931 2674 poeta
954 2593 1071 2668 utatur,
1095 2593 1130 2653 ut
1153 2591 1236 2674 quod

178 2717 239 2780 sibi
261 2717 437 2801 ‘proposuit
471 2718 511 2780 ad
540 2718 635 2780 finem
659 2717 834 2801 perducat?
869 2715 989 2800 Magna
1013 2718 1045 2779 ct
1066 2715 1237 2779 vehemens

178 2842 280 2906 ironia
316 2846 364 2905 est
398 2864 562 2925 sermoque
598 2843 637 2905 ad
673 2864 743 2905 eam
767 2840 1035 2917 accommodatum
1072 2843 1238 2905 commoda

179 2966 300 3031 militiae
337 2990 434 3031 unum
469 2972 541 3050 post
568 2967 703 3030 alterum
731 2971 964 3044 enumerantur,
988 2966 1237 3049 perpenduntur,

180 3093 365 3170 laudantur;
401 3092 544 3156 defendit
578 3092 608 3155 id
644 3096 750 3176 poeta,
778 3076 862 3175 quod
887 3092 1013 3155 defendi
1036 3092 1123 3156 nullo
1142 3093 1239 3157 modo

180 3221 296 3300 potest,
332 3217 499 3281 cavillatur
534 3241 605 3282 cunr
641 3217 689 3296 iis,
725 3239 802 3300 quos
837 3239 871 3281 se
906 3216 1075 3280 defendere
1099 3216 1239 3284 simulat.

89 3372 93 3379 ¹
179 3341 325 3406 Profecto
349 3365 408 3422 rea,
433 3366 527 3427 quarn
551 3344 612 3407 sibi
636 3345 801 3426 proposuit
824 3346 858 3405 ut
881 3346 1043 3421 tractaret,
1067 3363 1130 3405 non
1154 3343 1236 3406 male

179 3469 309 3531 inventa
332 3472 390 3546 est,
414 3491 475 3531 non
498 3468 581 3532 male
605 3471 752 3532 tractata.

288 3590 392 3675 Atque
427 3594 454 3656 si
489 3593 615 3677 singula
649 3615 885 3677 persequemur,
920 3591 1021 3656 multa
1050 3592 1239 3670 videbimus,

180 3740 250 3800 quae
289 3718 353 3780 iam
392 3721 465 3782 ante
504 3720 588 3801 apud
622 3716 806 3783 iuvenalem
844 3721 1059 3794 occurrerunt,
1098 3739 1169 3800 quae
1205 3720 1240 3780 ut

181 3888 392 3896 ————.

292 3984 311 4052 ¹)
331 3986 462 4040 llurumcn
482 3986 501 4038 l.
521 3985 539 4038 l.
559 3986 592 4039 ll.
612 4003 657 4055 pp.
678 3985 738 4048 516,
759 3985 819 4038 543.
