2828 4612
629 300 802 363 —65--

177 478 368 562 plerumque
395 480 478 555 sunt,
502 481 547 552 ut,
572 498 764 559 quamquem
787 476 950 559 proprium
974 499 1064 541 suum
1088 477 1241 559 cuiusque

178 625 296 666 munus
320 605 377 671 est.
401 624 465 666 una
488 603 528 665 ab
553 601 654 664 altera
677 602 819 684 separari
842 623 904 664 non
927 602 1036 685 possit.

289 726 449 791 Iuvenalis
484 728 552 810 ipse
587 727 687 810 igitur
722 727 842 808 aliquid
876 727 1135 808 praemittendum
1161 749 1239 806 esse,

174 875 230 918 v..
249 853 291 916 56
326 852 486 916 confessus
514 856 571 915 est.
619 851 662 914 Hi
685 855 758 914 sunt
780 852 829 914 illi
853 875 903 915 vv,
928 854 1046 924 1-55‚
1070 853 1132 934 qui
1149 853 1241 915 dissi·

176 978 273 1041 miles
297 978 425 1060 quidem
449 977 488 1039 iis
511 980 594 1053 sunt,
618 977 672 1058 qui
696 979 880 1059 sequuntur,
902 977 956 1039 sed
972 999 1036 1040 non
1052 977 1119 1040 sine
1136 999 1239 1040 causa.

173 1101 251 1177 Quo
267 1103 361 1166 modo
378 1102 496 1167 similes
513 1123 581 1164 esse
598 1102 728 1183 possint,
746 1123 817 1164 cum
833 1102 1001 1164 dissimiles
1018 1124 1067 1164 res
1084 1105 1240 1166 tractent?

175 1224 218 1289 In
256 1227 360 1310 priore
395 1229 486 1308 parte
521 1227 627 1289 sotirae
652 1225 859 1309 philosophus
884 1226 921 1288 de
945 1226 1055 1289 officiis
1079 1226 1241 1291 hominum

178 1351 331 1414 universe
359 1351 500 1433 loquitur
522 1352 721 1433 maximeque
745 1350 804 1414 hoc
828 1351 985 1414 mentibus
1010 1373 1117 1415 eorum
1139 1353 1241 1415 incul-

175 1498 256 1539 care
291 1475 369 1553 vult,
394 1478 430 1538 ut
452 1497 578 1557 semper
601 1475 770 1559 frugaliter
793 1475 912 1552 vivant,
937 1477 1019 1557 quod
1043 1497 1105 1558 quo
1128 1476 1241 1540 melius

176 1601 214 1664 in
237 1603 366 1683 pectore
389 1600 522 1663 infixum
545 1600 596 1677 sit,
622 1599 774 1681 exemplis
799 1600 991 1681 comprobat,
1015 1600 1118 1682 qualis
1138 1601 1241 1664 exitus

179 1725 222 1789 iis
256 1725 449 1807 impendeat,
477 1725 532 1806 qui
554 1726 689 1787 maiores
713 1746 807 1807 quam
831 1746 889 1806 pro
913 1725 1025 1806 opibus
1050 1727 1081 1788 et
1104 1725 1240 1788 fortunis

178 1853 328 1932 sumptus
363 1848 491 1911 faciant.
538 1845 576 1910 In
604 1848 704 1911 altera
727 1852 817 1930 parte
843 1849 960 1911 amicus
984 1870 1017 1911 se
1041 1850 1081 1912 ad
1105 1849 1241 1913 amicum
1302 1848 1305 1855 ’

142 2018 148 2033 .
180 1973 348 2050 convertit,
371 1994 436 2034 non
460 1972 595 2053 amplius
620 1972 865 2054 disputationem
881 1994 967 2035 more
983 1971 1241 2055 philosophorum

174 2099 218 2162 de
255 2097 367 2161 officiis
399 2095 562 2160 hominum
589 2097 767 2174 instituens
791 2097 846 2159 sed
870 2100 995 2159 utrem
1019 2098 1176 2179 quandam
1201 2100 1240 2162 ad

175 2223 281 2287 vitam
305 2221 508 2285 domesticam
534 2221 744 2302 pertinentem
770 2242 840 2282 cum
857 2242 894 2283 eo
911 2222 1127 2284 communicet.
1162 2221 1240 2285 Haec

172 2325 228 2410 est
253 2345 487 2420 dissimilitudo,
511 2367 574 2426 qua
597 2367 660 2407 una
682 2366 757 2426 pars
781 2345 821 2407 ab
846 2344 946 2417 altera
969 2349 1167 2428 segregatur.
1185 2348 1241 2409 sed

147 2458 213 2534 'in
247 2470 304 2534 illo
339 2470 376 2532 de
413 2469 604 2552 parsimonia
638 2490 791 2546 sermone,
827 2468 952 2550 utrique
980 2468 1049 2531 loco
1066 2459 1239 2546 communi,

177 2595 280 2658 etiam
313 2593 393 2657 latet
424 2594 608 2670 similitude,
636 2615 699 2676 qua
722 2592 790 2656 haec
814 2613 886 2656 cum
909 2593 972 2655 illis
996 2594 1239 2677 coniunguntur.

176 2717 295 2803 Neque
326 2741 376 2782 vv.
404 2720 520 2795 145,
541 2719 610 2785 ¹sive
635 2719 778 2782 ordinem
801 2719 1030 2781 sententiarum
1053 2719 1239 2800 respicimus
1311 2757 1315 2766 ·

175 2843 248 2907 sive
272 2844 492 2921 elocutionem,
516 2847 622 2906 tantas
646 2843 847 2906 difficultates
863 2842 992 2921 habent,
1012 2847 1047 2906 ut
1064 2819 1240 2906 ceterorum

178 2990 331 3032 versuum
359 2969 512 3050 scriptore
536 2971 699 3050 tamquam
722 2968 845 3050 indigni
869 2990 885 3029 e
910 2972 1056 3031 contextu
1083 2969 1240 3032 obiciendi

177 3093 256 3155 sint.
315 3089 489 3169 Sententia,
524 3113 620 3173 quam
654 3094 808 3174 praebent,
843 3114 905 3154 non
939 3096 1005 3154 tam
1040 3093 1148 3174 inepta
1182 3095 1239 3170 est,

175 3239 279 3299 quam
301 3216 370 3279 vult
393 3215 603 3293 Ribbeclcius:
628 3239 690 3280 non
714 3218 798 3280 enim
816 3218 951 3299 scriptor
967 3217 1080 3279 divites
1096 3215 1239 3279 homines

155 3341 337 3423 ‚hortatus
374 3343 409 3402 ut
441 3340 603 3403 helluones
638 3342 711 3419 sint,
740 3342 814 3404 dum
849 3363 1014 3424 pauperes
1038 3342 1239 3408 ,necessitate

175 3469 308 3535 tantum
343 3469 477 3543 coactos,
513 3466 738 3547 parsimoniam
774 3466 876 3528 colere
911 3466 1008 3543 iubet,
1042 3468 1098 3529 sed
1121 3466 1239 3548 apertis

157 3590 289 3653 'verbis
312 3590 461 3668 ostendit,
485 3590 629 3653 omnibus
654 3612 781 3652 necesse
806 3612 872 3653 esse
896 3591 957 3653 hoc
973 3591 1085 3654 vitium
1102 3591 1238 3667 evitare3

176 3714 273 3778 addit
307 3719 415 3777 tamen
451 3736 512 3791 eos,
547 3715 600 3796 qui
626 3715 739 3777 divites
763 3716 835 3787 sint,
861 3715 977 3778 diutius
1001 3737 1096 3797 quam
1120 3720 1239 3778 ceteros

174 3839 453 3922 appropinquanti
486 3839 670 3922 paupertati
693 3840 841 3902 resistere
865 3862 965 3922 posse.
1011 3838 1132 3901 Verum
1156 3839 1241 3901 enim

173 3985 269 4043 vere,
299 3964 412 4046 inquit,
437 3964 533 4027 etiam
557 3964 690 4026 divitum
713 3962 876 4027 hominum
900 3985 1048 4026 crumena
1072 3962 1241 4045 aliquando

1101 4089 1117 4138 ε’)
