2828 4612
280 453 550 539 Interrogationes
573 457 740 522 rhetoricae
764 480 826 521 non
849 459 978 523 desunt:

280 651 354 689 anne
378 633 490 706 aliquid
514 652 631 708 sperare
655 638 754 708 potest
777 635 839 692 haeo
862 634 992 709 inguinis
1016 634 1089 710 aegri

278 738 419 797 canities?
444 738 513 814 quid
539 740 618 814 quod
642 741 748 798 merito
772 744 908 816 suspecta
931 741 1022 799 libido
1046 744 1100 810 est,
1197 806 1203 823 Ι

279 864 345 920 quae
369 865 504 903 uenerem
529 847 659 904 adfectat
682 848 743 904 sine
768 847 899 905 viribus?

838 954 899 1023 (vv,
925 953 1122 1026 nutu-209).

280 1115 344 1179 cfr.
369 1139 419 1179 vv.
445 1118 629 1194 216--215,
648 1117 926 1199 amplificationem
943 1141 972 1182 v.
991 1119 1064 1194 232,
1082 1118 1237 1197 reditum,

173 1241 228 1323 qui
251 1244 299 1304 est
322 1264 351 1305 v.
377 1243 450 1320 265,
475 1242 693 1305 transitionem
716 1264 745 1305 u.
772 1244 834 1306 309
852 1245 968 1318 cetera,
985 1264 1055 1324 quae
1073 1243 1112 1305 ad
1128 1264 1236 1328 genus

173 1366 432 1428 declamatorium
455 1367 627 1448 pertinent.

279 1488 371 1553 Illam
388 1513 444 1573 per
460 1513 542 1552 nuno
559 1511 630 1554 oum
647 1491 834 1573 imperativo
850 1492 901 1554 vet
918 1491 1116 1555 coniunctivo
1129 1492 1169 1555 ad
1182 1514 1233 1569 66,

172 1638 243 1698 quae
267 1620 450 1698 sequuntur,
486 1616 604 1678 factam
628 1616 846 1679 transitionem
870 1616 1127 1680 declamatoriam
1152 1639 1235 1693 esse,

172 1762 236 1804 non
258 1741 453 1824 negaverim.
493 1739 553 1803 866
580 1741 738 1803 invenitur
762 1744 793 1804 et
817 1742 849 1804 in
872 1743 1099 1824 posterioribus
1123 1743 1235 1807 satiris
1295 1786 1298 1803 2

143 1837 144 1840 ¹
174 1865 222 1945 (ut
237 1865 277 1930 X.
295 1867 347 1943 43,
366 1863 452 1929 XVI.
471 1866 527 1946 35)
552 1869 583 1928 61
607 1866 639 1928 111
663 1866 820 1949 prioribus
845 1865 893 1946 (ut
908 1863 966 1930 111.
985 1867 1058 1944 268,
1072 1865 1146 1931 VH.
1163 1868 1233 1950 36),

173 1994 208 2053 61
242 2012 305 2053 6011
339 1990 559 2053 declamatoris
583 1990 667 2053 illius
692 1991 831 2072 propria,
856 1988 1000 2054 quenali
1024 1991 1142 2075 ignota,
1169 1991 1232 2054 6161

171 2091 280 2197 possit.
327 2112 440 2197 Neque
464 2114 592 2178 insolita
616 2119 663 2178 est
687 2116 896 2199 interrogatio
919 2115 974 2178 1116
998 2116 1138 2179 averbis
1154 2116 1232 2198 quid

172 2240 256 2321 quod
281 2244 323 2314 (v.
348 2241 425 2321 208)
449 2240 613 2322 incipiens.
662 2239 726 2303 Cf.
750 2236 809 2302 111.
836 2240 887 2318 86,
914 2240 987 2316 147,
1012 2237 1069 2303 VI.
1094 2240 1148 2303 45.

279 2362 367 2428 Inter
390 2365 462 2437 6116,
487 2387 557 2447 quae
581 2365 612 2426 in
638 2365 736 2427 satira
755 2365 876 2427 66611116
893 2387 911 2427 6
927 2363 1104 2427 Ribbeekio
1120 2387 1232 2447 repre-

172 2488 363 2566 henduntur,
399 2489 495 2552 etiam
530 2487 589 2551 1106
614 2493 662 2551 est
680 2489 714 2570 ¹),
739 2488 823 2570 quod
847 2511 909 2555 non
931 2484 1023 2551 16060
1046 2488 1166 2551 insulsa
1189 2489 1232 2552 sit

171 2635 283 2677 verum
315 2613 410 2675 etiam
434 2613 528 2694 plane
553 2612 682 2675 confusa
706 2634 744 2674 ea
767 2612 971 2688 enumeratio,
996 2633 1066 2694 quae
1090 2634 1140 2675 vv.
1167 2614 1232 2676 226

174 2739 282 2800 -266
318 2737 446 2821 legitur.
493 2735 575 2800 Saue
610 2759 670 2800 non
706 2741 778 2799 sunt
812 2736 946 2820 pulchra
980 2737 1048 2800 haeo
1074 2738 1233 2820 exempla,
1275 2781 1279 2791 ι

172 2862 228 2925 sed
251 2862 354 2945 magis
378 2861 506 2939 insulsa,
531 2884 624 2944 quarn
651 2862 722 2939 alia,
747 2884 817 2944 quae
842 2863 925 2945 apud
949 2859 1133 2926 Iuvenalem
1157 2885 1234 2944 pas·

172 2987 231 3049 sim
256 2986 451 3064 adferuntur,
476 3009 537 3050 non
562 2987 694 3049 dicenda
717 2990 799 3049 sunt.
843 2985 956 3069 Neque
981 2987 1057 3049 ordo
1082 2986 1234 3050 confusus

173 3115 231 3189 est,
266 3113 351 3194 quod
385 3109 489 3194 Oppia
523 3133 552 3173 v.
585 3112 659 3183 226,
684 3109 797 3173 Maura
819 3134 848 3174 v.
874 3112 936 3173 224
960 3111 1151 3174 nominatur.
1199 3109 1232 3175 Si

171 3235 285 3299 Maura
308 3236 348 3298 ab
372 3234 476 3318 Oppia
499 3239 646 3318 separata
670 3241 728 3313 est,
750 3235 811 3298 hoo
835 3257 871 3298 eo
896 3239 1126 3317 compensatur,
1148 3236 1235 3318 quod

173 3381 241 3424 oum
267 3359 407 3423 Hamillo
430 3359 642 3443 coniungitur.

173 3610 224 3662 326
243 3606 354 3662 restitui
372 3623 459 3675 posse.
490 3607 523 3658 In
543 3605 601 3660 606.
621 3605 650 3658 Ρ.
670 3608 712 3659 661
731 3605 835 3666 hirnea,
855 3606 928 3672 quod
941 3606 1048 3659 6611616
1062 3605 1237 3661 sententiam

171 3697 265 3750 habet.
312 3695 415 3749 Heraia
443 3682 616 3748 scribendum
637 3698 713 3762 puto.
750 3693 855 3748 Hernia
871 3693 944 3748 idern
964 3698 1006 3748 est
1025 3698 1109 3762 atque
1128 3712 1235 3750 ramex.

172 3784 298 3840 Nestoris
325 3783 422 3838 hernia
447 3783 557 3838 1666661
576 3783 678 3852 possit:
707 3786 774 3851 apta
793 3782 894 3851 imago
915 3782 939 3834 si
958 3799 1018 3836 oum
1038 3783 1070 3836 X.
1091 3783 1237 3839 265-,206

173 3875 337 3929 conferatur.

282 3962 301 4029 ¹)
322 3961 441 4014 Rranncu
460 3961 478 4017 l.
498 3961 516 4013 1.
536 3979 561 4029 p.
582 3961 624 4014 40.
