3062 4808
601 375 772 439 ..39-

137 552 325 616 lectionem
349 552 438 636 leges
461 551 689 616 metricaenon
712 552 860 617 tolerant.
898 552 1087 616 Emendatio
1102 551 1216 617 Weid-

137 679 215 742 neri
256 678 380 742 arboris
415 677 545 740 interitu
573 677 686 740 infelix
711 681 767 752 est,
793 698 864 741 oum
887 679 989 742 malus
1012 680 1151 748 nondum
1174 681 1217 742 sit

137 802 323 886 praeoisus3
348 802 419 866 aliae
437 802 672 866 emendationes
689 825 708 866 a
724 800 998 880 Sohurzfleisohio‚
1016 803 1215 883 Achaintrin‚

138 925 292 1007 lambio,
317 927 514 1019 Heinriohm,
539 927 698 1009 Kempfio‚
722 927 899 1005 Doellenio‚
923 927 1111 1009 Ribbeckio,
1133 928 1215 992 Her-

138 1075 279 1131 mann0‚
305 1051 480 1116 Schmidtio
505 1053 545 1116 al.
570 1052 663 1116 faotae
688 1057 771 1127 sunt,
796 1074 875 1134 quas
899 1051 950 1116 hio
974 1054 1122 1136 persequi
1145 1054 1215 1118 lon-

119 1201 225 1282 ¹gum
266 1182 324 1256 est,
360 1199 431 1242 oum
466 1176 546 1239 nihil
581 1177 648 1241 fere
683 1177 762 1242 lucis
792 1181 938 1259 odrrupto
962 1177 1031 1242 loeo
1054 1177 1212 1242 adferant.
1304 1171 1312 1180 ’

141 1267 211 1368 (lfr.
258 1287 477 1366 Haeniokeurfr
511 1324 565 1385 pp.
603 1303 743 1381 15-16,
779 1303 829 1366 oui
863 1307 1020 1385 praeterea
1051 1303 1215 1377 assentior,

141 1449 221 1490 oum
249 1449 303 1491 eos
327 1428 446 1511 optime
471 1427 611 1489 iudicare
637 1427 722 1504 dicit,
747 1427 802 1509 qui
819 1427 939 1489 arboris
956 1427 1085 1490 incertae
1103 1425 1215 1510 legunt
1246 1431 1256 1467 7

142 1557 177 1617 et
202 1545 279 1617 haec
302 1553 400 1616 verba
425 1553 463 1615 ad
487 1552 604 1635 puppis
627 1551 779 1629 referunt,
804 1573 878 1614 nam
902 1550 985 1633 quod
1009 1552 1097 1615 addit
1120 1551 1215 1630 idem,

142 1675 339 1743 Iuvenalem
373 1678 507 1740 fortasse
541 1676 594 1740 hio
618 1677 724 1739 dedita
747 1694 844 1760 opera
867 1677 1033 1740 obscurum
1059 1697 1146 1754 essa·
1160 1677 1215 1739 vix

144 1807 196 1866 est
222 1803 310 1886 quod
334 1802 526 1866 refellamus

261 1927 345 1991 Miro
369 1927 462 1991 modo
485 1926 685 1998 vocabulum,
709 1927 793 2009 quod
817 1930 865 1990 est
888 1947 994 2009 pecus,
1018 1949 1048 1990 v.
1065 1926 1104 1988 41
1125 1925 1216 1988 adhi-

145 2054 260 2130 betur,
284 2053 350 2114 tam
373 2051 453 2114 miro
477 2073 563 2130 sane,
587 2055 622 2114 ut
645 2052 803 2115 sententia
819 2050 1007 2128 Haeniokei‚
1024 2050 1094 2114 haeo
1110 2051 1217 2114 omnia

146 2178 188 2241 ad
204 2177 351 2241 earmina
362 2179 528 2258 poetarum
540 2177 695 2240 malorum
707 2175 868 2238 irridenda
879 2177 998 2258 scripta
1011 2197 1088 2251 esse,
1100 2176 1215 2238 iterum

146 2303 245 2366 nobis
270 2301 303 2364 in
326 2304 465 2364 mentem
488 2301 605 2364 veniat.
651 2299 814 2364 Audacter
837 2300 904 2362 sine
929 2301 1024 2363 dubio
1040 2300 1169 2383 sanguis
1185 2323 1215 2363 v.

151 2428 193 2493 13
220 2429 404 2510 usurpatur,
430 2424 579 2488 audacius
602 2430 708 2488 tamen
732 2445 828 2507 peous
852 2447 881 2487 v.
898 2403 952 2489 ll.
992 2423 1114 2487 Deinde
1131 2425 1217 2487 ineo

149 2552 356 2628 offendimus,
391 2551 475 2634 quod
511 2549 653 2614 Catullus
676 2553 723 2613 tot
746 2572 822 2614 vasa
846 2553 999 2634 argentea
1024 2549 1215 2632 possidebat,

149 2682 187 2740 ut
211 2675 300 2742 mille
325 2676 447 2752 escaria
471 2679 502 2738 et
525 2676 621 2738 aliam
644 2675 884 2758 supellectilem,
909 2679 941 2737 et
965 2675 1084 2737 lautam
1109 2677 1140 2736 et
1158 2695 1217 2755 per

149 2824 265 2887 regem
302 2799 486 2884 Philippum
520 2801 781 2884 pretiosissimam
810 2800 938 2878 factam,
963 2800 996 2862 in
1019 2822 1106 2863 mare
1131 2798 1216 2882 proi·

151 2949 227 2991 cere
263 2930 380 3009 posset.
428 2925 655 2989 friedlaender
681 2929 798 3002 censet,
824 2924 984 2988 Catullum
1007 2929 1216 2988 mercatorem

152 3052 273 3126 fuisse;
308 3052 335 3114 si
369 3052 415 3114 ita
450 3054 507 3129 est,
534 3049 595 3113 hoo
618 3050 732 3113 saltem
755 3050 980 3132 intellegimus,
1004 3051 1086 3113 unde
1111 3053 1217 3112 tantas

153 3174 284 3240 divitius
308 3175 546 3260 habueritpsed
569 3177 676 3238 tamen
699 3175 861 3253 miramur,
887 3197 959 3238 eum
982 3175 1088 3238 omnia
1110 3173 1166 3236 illa
1183 3174 1216 3235 in

154 3302 258 3364 undas
282 3300 509 3385 praeoipitasse‚
535 3321 604 3363 cum
624 3321 739 3362 navem
755 3321 845 3382 aquae
862 3300 989 3383 plenam
1006 3322 1043 3362 ea
1059 3322 1093 3362 re
1109 3300 1216 3362 levare
1280 3305 1281 3312 ’

155 3425 210 3490 vix
234 3427 351 3512 posset,
376 3424 431 3488 sed
455 3427 579 3487 tantum
603 3447 674 3488 oum
697 3425 801 3489 ventis
823 3425 942 3507 pacisci
966 3424 1073 3489 vellet.

263 3548 325 3614 Vv.
350 3550 498 3613 50-51:

286 3700 344 3740 non
367 3684 491 3756 propter
512 3680 606 3739 vitam
629 3681 743 3740 faciunt
765 3680 943 3757 patrimonia
968 3681 1097 3755 quidam,

286 3788 336 3846 sed
362 3787 433 3846 vitio
457 3787 526 3846 oaeoi
548 3791 670 3863 propter
692 3787 870 3863 patrimonia
895 3787 1000 3846 vivunt

157 3922 221 3988 iam
257 3948 275 3988 a
309 3924 455 3988 Bentleio
491 3923 632 3988 damnati
666 3927 749 3988 sunt.
796 3923 934 4008 Pinzger
968 3925 1035 3988 e'ius
1064 3924 1216 3988 iudicium

159 4050 354 4134 comprobat,
401 4048 624 4113 Achaintrium
667 4053 699 4113 et
737 4049 825 4126 alios
863 4049 918 4132 qui
957 4070 1008 4113 eos
1047 4049 1217 4114 defendere
