<?xml version="1.0" encoding="UTF-8"?>
<!DOCTYPE html PUBLIC "-//W3C//DTD XHTML 1.0 Transitional//EN"
    "http://www.w3.org/TR/xhtml1/DTD/xhtml1-transitional.dtd">
<html xmlns="http://www.w3.org/1999/xhtml" xml:lang="en" lang="en">
 <head>
  <title>
</title>
<meta http-equiv="Content-Type" content="text/html;charset=utf-8" />
  <meta name='ocr-system' content='tesseract 3.04.00' />
  <meta name='ocr-capabilities' content='ocr_page ocr_carea ocr_par ocr_line ocrx_word'/>
</head>
<body>
  <div class='ocr_page' id='page_1' title='image "./deargumentidisp00gyllgoog_0087.png"; bbox 0 0 2828 4612; ppageno 0'>
   <div class='ocr_carea' id='block_1_1' title="bbox 620 304 855 366">
    <p class='ocr_par' dir='ltr' id='par_1_1' title="bbox 620 304 855 366">
     <span class='ocr_line' id='line_1_1' title="bbox 620 304 855 366; baseline 0.004 -1"><span class='ocrx_word' id='word_1_1' title='bbox 620 304 855 366; x_wconf 81' lang='lat'>—80—·</span> 
     </span>
    </p>
   </div>
   <div class='ocr_carea' id='block_1_2' title="bbox 173 479 1237 3175">
    <p class='ocr_par' dir='ltr' id='par_1_2' title="bbox 174 479 1235 1186">
     <span class='ocr_line' id='line_1_2' title="bbox 176 479 1233 564; baseline 0.001 -21"><span class='ocrx_word' id='word_1_2' title='bbox 176 503 271 564; x_wconf 90' lang='lat' dir='ltr'><strong>quam</strong></span> <span class='ocrx_word' id='word_1_3' title='bbox 305 481 443 543; x_wconf 85' lang='lat' dir='ltr'><strong>amicum</strong></span> <span class='ocrx_word' id='word_1_4' title='bbox 478 480 558 543; x_wconf 90' lang='lat' dir='ltr'><strong>invit</strong></span> <span class='ocrx_word' id='word_1_5' title='bbox 559 485 677 557; x_wconf 75' lang='lat' dir='ltr'><strong>averrit,</strong></span> <span class='ocrx_word' id='word_1_6' title='bbox 711 481 758 543; x_wconf 88' lang='lat' dir='ltr'><strong>ita</strong></span> <span class='ocrx_word' id='word_1_7' title='bbox 791 479 940 562; x_wconf 83' lang='lat' dir='ltr'><strong>loquitur,</strong></span> <span class='ocrx_word' id='word_1_8' title='bbox 975 482 1011 543; x_wconf 92' lang='lat' dir='ltr'><strong>ut</strong></span> <span class='ocrx_word' id='word_1_9' title='bbox 1042 482 1233 563; x_wconf 82' lang='lat' dir='ltr'><strong>potestatem</strong></span> 
     </span>
     <span class='ocr_line' id='line_1_3' title="bbox 175 604 1234 687; baseline 0.001 -19"><span class='ocrx_word' id='word_1_10' title='bbox 175 605 268 668; x_wconf 87' lang='lat' dir='ltr'><strong>simul</strong></span> <span class='ocrx_word' id='word_1_11' title='bbox 302 605 420 668; x_wconf 85' lang='lat' dir='ltr'><strong>lrabeat</strong></span> <span class='ocrx_word' id='word_1_12' title='bbox 407 605 488 666; x_wconf 90' lang='lat' dir='ltr'><strong>tin</strong></span> <span class='ocrx_word' id='word_1_13' title='bbox 521 625 624 667; x_wconf 88' lang='lat' dir='ltr'><strong>mores</strong></span> <span class='ocrx_word' id='word_1_14' title='bbox 648 607 777 686; x_wconf 78' lang='lat' dir='ltr'><strong>corrupt</strong></span> <span class='ocrx_word' id='word_1_15' title='bbox 778 607 869 667; x_wconf 85' lang='lat' dir='ltr'><strong>oset</strong></span> <span class='ocrx_word' id='word_1_16' title='bbox 855 604 1051 668; x_wconf 84' lang='lat' dir='ltr'><strong>tluxuriam</strong></span> <span class='ocrx_word' id='word_1_17' title='bbox 1074 605 1234 687; x_wconf 80' lang='lat' dir='ltr'><strong>perditam</strong></span> 
     </span>
     <span class='ocr_line' id='line_1_4' title="bbox 175 729 1235 812; baseline 0 -19"><span class='ocrx_word' id='word_1_18' title='bbox 175 730 344 812; x_wconf 88' lang='lat' dir='ltr'><strong>aequalium</strong></span> <span class='ocrx_word' id='word_1_19' title='bbox 369 729 549 807; x_wconf 82' lang='lat' dir='ltr'>invehendi,</span> <span class='ocrx_word' id='word_1_20' title='bbox 574 730 619 792; x_wconf 87' lang='lat' dir='ltr'><strong>sic</strong></span> <span class='ocrx_word' id='word_1_21' title='bbox 643 731 676 791; x_wconf 92' lang='lat' dir='ltr'><strong>in</strong></span> <span class='ocrx_word' id='word_1_22' title='bbox 698 729 796 791; x_wconf 85' lang='lat' dir='ltr'><strong>satira</strong></span> <span class='ocrx_word' id='word_1_23' title='bbox 820 730 1004 793; x_wconf 85' lang='lat' dir='ltr'><strong>duodecima</strong></span> <span class='ocrx_word' id='word_1_24' title='bbox 1028 751 1102 792; x_wconf 88' lang='lat' dir='ltr'><strong>cum</strong></span> <span class='ocrx_word' id='word_1_25' title='bbox 1123 751 1235 793; x_wconf 82' lang='lat' dir='ltr'><strong>verum</strong></span> 
     </span>
     <span class='ocr_line' id='line_1_5' title="bbox 175 853 1235 936; baseline 0.001 -20"><span class='ocrx_word' id='word_1_26' title='bbox 175 854 274 916; x_wconf 89' lang='lat' dir='ltr'><strong>animi</strong></span> <span class='ocrx_word' id='word_1_27' title='bbox 315 853 475 916; x_wconf 87' lang='lat' dir='ltr'><strong>adfectum</strong></span> <span class='ocrx_word' id='word_1_28' title='bbox 514 855 664 936; x_wconf 79' lang='lat' dir='ltr'><strong>exprimit</strong></span> <span class='ocrx_word' id='word_1_29' title='bbox 701 854 798 917; x_wconf 89' lang='lat' dir='ltr'><strong>etiam</strong></span> <span class='ocrx_word' id='word_1_30' title='bbox 833 854 873 915; x_wconf 87' lang='lat' dir='ltr'><strong>ad</strong></span> <span class='ocrx_word' id='word_1_31' title='bbox 912 856 996 917; x_wconf 88' lang='lat' dir='ltr'><strong>artes</strong></span> <span class='ocrx_word' id='word_1_32' title='bbox 1033 857 1235 936; x_wconf 84' lang='lat' dir='ltr'><strong>captaturum</strong></span> 
     </span>
     <span class='ocr_line' id='line_1_6' title="bbox 175 978 1235 1060; baseline 0.001 -21"><span class='ocrx_word' id='word_1_33' title='bbox 175 978 360 1060; x_wconf 83' lang='lat' dir='ltr'><strong>diligentius</strong></span> <span class='ocrx_word' id='word_1_34' title='bbox 394 979 636 1041; x_wconf 84' lang='lat' dir='ltr'><strong>considerandas</strong></span> <span class='ocrx_word' id='word_1_35' title='bbox 671 1000 733 1039; x_wconf 89' lang='lat' dir='ltr'><strong>uon</strong></span> <span class='ocrx_word' id='word_1_36' title='bbox 767 979 870 1040; x_wconf 86' lang='lat' dir='ltr'><strong>minus</strong></span> <span class='ocrx_word' id='word_1_37' title='bbox 898 982 1074 1060; x_wconf 86' lang='lat' dir='ltr'><strong>opportune</strong></span> <span class='ocrx_word' id='word_1_38' title='bbox 1096 978 1235 1041; x_wconf 81' lang='lat' dir='ltr'><strong>transire</strong></span> 
     </span>
     <span class='ocr_line' id='line_1_7' title="bbox 174 1101 1105 1186; baseline 0.002 -22"><span class='ocrx_word' id='word_1_39' title='bbox 174 1104 290 1184; x_wconf 87' lang='lat' dir='ltr'><strong>potest.</strong></span> <span class='ocrx_word' id='word_1_40' title='bbox 338 1101 416 1165; x_wconf 76' lang='lat' dir='ltr'><strong>Hac</strong></span> <span class='ocrx_word' id='word_1_41' title='bbox 441 1103 539 1186; x_wconf 70' lang='lat' dir='ltr'><strong>igitur</strong></span> <span class='ocrx_word' id='word_1_42' title='bbox 562 1103 681 1164; x_wconf 88' lang='lat' dir='ltr'><strong>nullam</strong></span> <span class='ocrx_word' id='word_1_43' title='bbox 705 1102 850 1184; x_wconf 72' lang='lat' dir='ltr'><strong>praebent</strong></span> <span class='ocrx_word' id='word_1_44' title='bbox 874 1102 1105 1166; x_wconf 88' lang='lat' dir='ltr'><strong>difficultatem.</strong></span> 
     </span>
    </p>

    <p class='ocr_par' dir='ltr' id='par_1_3' title="bbox 175 1225 1234 1540">
     <span class='ocr_line' id='line_1_8' title="bbox 282 1225 1234 1309; baseline 0 -20"><span class='ocrx_word' id='word_1_45' title='bbox 282 1226 350 1290; x_wconf 87' lang='lat' dir='ltr'><strong>Hoc</strong></span> <span class='ocrx_word' id='word_1_46' title='bbox 374 1229 546 1290; x_wconf 84' lang='lat' dir='ltr'><strong>nescimus:</strong></span> <span class='ocrx_word' id='word_1_47' title='bbox 572 1227 648 1309; x_wconf 90' lang='lat' dir='ltr'><strong>quid</strong></span> <span class='ocrx_word' id='word_1_48' title='bbox 671 1227 732 1290; x_wconf 86' lang='lat' dir='ltr'><strong>sibi</strong></span> <span class='ocrx_word' id='word_1_49' title='bbox 755 1226 834 1289; x_wconf 82' lang='lat' dir='ltr'><strong>velit</strong></span> <span class='ocrx_word' id='word_1_50' title='bbox 848 1226 945 1307; x_wconf 72' lang='lat' dir='ltr'><strong>longa</strong></span> <span class='ocrx_word' id='word_1_51' title='bbox 961 1225 1015 1288; x_wconf 88' lang='lat' dir='ltr'><strong>illa</strong></span> <span class='ocrx_word' id='word_1_52' title='bbox 1033 1226 1234 1309; x_wconf 72' lang='lat' dir='ltr'><strong>tempestatis</strong></span> 
     </span>
     <span class='ocr_line' id='line_1_9' title="bbox 175 1349 1233 1435; baseline -0.001 -21"><span class='ocrx_word' id='word_1_53' title='bbox 175 1352 355 1434; x_wconf 75' lang='lat' dir='ltr'><strong>descriptio,</strong></span> <span class='ocrx_word' id='word_1_54' title='bbox 391 1374 461 1434; x_wconf 76' lang='lat' dir='ltr'><strong>quae</strong></span> <span class='ocrx_word' id='word_1_55' title='bbox 498 1375 546 1414; x_wconf 79' lang='lat' dir='ltr'><strong>vv.</strong></span> <span class='ocrx_word' id='word_1_56' title='bbox 584 1351 863 1435; x_wconf 70' lang='lat' dir='ltr'><strong>18--821egitun</strong></span> <span class='ocrx_word' id='word_1_57' title='bbox 910 1349 994 1412; x_wconf 77' lang='lat' dir='ltr'><strong>Nam</strong></span> <span class='ocrx_word' id='word_1_58' title='bbox 1018 1350 1233 1415; x_wconf 86' lang='lat' dir='ltr'><strong>confitendum</strong></span> 
     </span>
     <span class='ocr_line' id='line_1_10' title="bbox 176 1473 1234 1553; baseline -0.001 -14"><span class='ocrx_word' id='word_1_59' title='bbox 176 1482 233 1553; x_wconf 80' lang='lat' dir='ltr'><strong>est,</strong></span> <span class='ocrx_word' id='word_1_60' title='bbox 257 1477 379 1540; x_wconf 89' lang='lat' dir='ltr'><strong>nullum</strong></span> <span class='ocrx_word' id='word_1_61' title='bbox 405 1477 502 1539; x_wconf 89' lang='lat' dir='ltr'><strong>alium</strong></span> <span class='ocrx_word' id='word_1_62' title='bbox 527 1477 558 1538; x_wconf 92' lang='lat' dir='ltr'><strong>iu</strong></span> <span class='ocrx_word' id='word_1_63' title='bbox 582 1481 631 1538; x_wconf 88' lang='lat' dir='ltr'><strong>sat</strong></span> <span class='ocrx_word' id='word_1_64' title='bbox 619 1476 689 1538; x_wconf 89' lang='lat' dir='ltr'><strong>tiris</strong></span> <span class='ocrx_word' id='word_1_65' title='bbox 712 1473 871 1538; x_wconf 78' lang='lat' dir='ltr'><strong>iuvenalis</strong></span> <span class='ocrx_word' id='word_1_66' title='bbox 895 1475 996 1538; x_wconf 89' lang='lat' dir='ltr'><strong>locum</strong></span> <span class='ocrx_word' id='word_1_67' title='bbox 1014 1475 1164 1553; x_wconf 83' lang='lat' dir='ltr'><strong>inveniri,</strong></span> <span class='ocrx_word' id='word_1_68' title='bbox 1179 1475 1234 1538; x_wconf 94' lang='lat' dir='ltr'><strong>ubi</strong></span> 
     </span>
    </p>

    <p class='ocr_par' dir='ltr' id='par_1_4' title="bbox 173 1600 1237 3175">
     <span class='ocr_line' id='line_1_11' title="bbox 189 1600 1234 1677; baseline -0.001 -13.931"><span class='ocrx_word' id='word_1_69' title='bbox 189 1601 422 1663; x_wconf 87' lang='lat' dir='ltr'><strong>otdifficultat</strong></span> <span class='ocrx_word' id='word_1_70' title='bbox 375 1605 466 1667; x_wconf 81' lang='lat' dir='ltr'><strong>ttes</strong></span> <span class='ocrx_word' id='word_1_71' title='bbox 501 1600 708 1663; x_wconf 81' lang='lat' dir='ltr'><strong>totiucertas</strong></span> <span class='ocrx_word' id='word_1_72' title='bbox 731 1601 867 1663; x_wconf 79' lang='lat' dir='ltr'><strong>sentent</strong></span> <span class='ocrx_word' id='word_1_73' title='bbox 860 1603 953 1677; x_wconf 86' lang='lat' dir='ltr'><strong>rast</strong></span> <span class='ocrx_word' id='word_1_74' title='bbox 954 1601 1161 1664; x_wconf 87' lang='lat' dir='ltr'><strong>otobscuras</strong></span> <span class='ocrx_word' id='word_1_75' title='bbox 1184 1621 1234 1663; x_wconf 90' lang='lat' dir='ltr'><strong>res</strong></span> 
     </span>
     <span class='ocr_line' id='line_1_12' title="bbox 175 1722 1232 1807; baseline 0 -21"><span class='ocrx_word' id='word_1_76' title='bbox 175 1725 458 1807; x_wconf 33' lang='lat' dir='ltr'><strong>oepimehenonnus,</strong></span> <span class='ocrx_word' id='word_1_77' title='bbox 505 1722 664 1787; x_wconf 77' lang='lat' dir='ltr'><strong>Nimirum</strong></span> <span class='ocrx_word' id='word_1_78' title='bbox 701 1725 876 1801; x_wconf 84' lang='lat' dir='ltr'><strong>eonsilium,</strong></span> <span class='ocrx_word' id='word_1_79' title='bbox 911 1725 994 1807; x_wconf 89' lang='lat' dir='ltr'><strong>quod</strong></span> <span class='ocrx_word' id='word_1_80' title='bbox 1018 1724 1105 1807; x_wconf 84' lang='lat' dir='ltr'><strong>cepit</strong></span> <span class='ocrx_word' id='word_1_81' title='bbox 1127 1728 1232 1806; x_wconf 77' lang='lat' dir='ltr'><strong>poeta,</strong></span> 
     </span>
     <span class='ocr_line' id='line_1_13' title="bbox 174 1849 1233 1931; baseline -0.001 -20"><span class='ocrx_word' id='word_1_82' title='bbox 174 1850 375 1931; x_wconf 76' lang='lat' dir='ltr'><strong>tempestatis</strong></span> <span class='ocrx_word' id='word_1_83' title='bbox 399 1850 614 1912; x_wconf 74' lang='lat' dir='ltr'><strong>describenda</strong></span> <span class='ocrx_word' id='word_1_84' title='bbox 639 1849 797 1913; x_wconf 79' lang='lat' dir='ltr'><strong>laudabile</strong></span> <span class='ocrx_word' id='word_1_85' title='bbox 821 1853 880 1915; x_wconf 81' lang='lat' dir='ltr'><strong>est.</strong></span> <span class='ocrx_word' id='word_1_86' title='bbox 896 1850 966 1931; x_wconf 85' lang='lat' dir='ltr'><strong>ipsa</strong></span> <span class='ocrx_word' id='word_1_87' title='bbox 982 1849 1156 1930; x_wconf 80' lang='lat' dir='ltr'><strong>descriptio</strong></span> <span class='ocrx_word' id='word_1_88' title='bbox 1172 1870 1233 1911; x_wconf 90' lang='lat' dir='ltr'><strong>non</strong></span> 
     </span>
     <span class='ocr_line' id='line_1_14' title="bbox 175 1974 1232 2037; baseline 0 -2"><span class='ocrx_word' id='word_1_89' title='bbox 175 1974 262 2035; x_wconf 92' lang='lat' dir='ltr'><strong>item.</strong></span> <span class='ocrx_word' id='word_1_90' title='bbox 320 1974 484 2035; x_wconf 73' lang='lat' dir='ltr'><strong>t&#39;ontraria</strong></span> <span class='ocrx_word' id='word_1_91' title='bbox 519 1979 550 2036; x_wconf 90' lang='lat' dir='ltr'><strong>et</strong></span> <span class='ocrx_word' id='word_1_92' title='bbox 585 1974 709 2036; x_wconf 81' lang='lat' dir='ltr'><strong>diversa</strong></span> <span class='ocrx_word' id='word_1_93' title='bbox 744 1974 860 2036; x_wconf 90' lang='lat' dir='ltr'><strong>iudicia</strong></span> <span class='ocrx_word' id='word_1_94' title='bbox 893 1974 1033 2037; x_wconf 83' lang='lat' dir='ltr'><strong>virorum</strong></span> <span class='ocrx_word' id='word_1_95' title='bbox 1069 1974 1232 2037; x_wconf 88' lang='lat' dir='ltr'><strong>doctorum</strong></span> 
     </span>
     <span class='ocr_line' id='line_1_15' title="bbox 175 2096 1232 2180; baseline 0 -21"><span class='ocrx_word' id='word_1_96' title='bbox 175 2100 248 2160; x_wconf 86' lang='lat' dir='ltr'><strong>suut</strong></span> <span class='ocrx_word' id='word_1_97' title='bbox 272 2098 309 2159; x_wconf 89' lang='lat' dir='ltr'><strong>de.</strong></span> <span class='ocrx_word' id='word_1_98' title='bbox 333 2096 383 2159; x_wconf 89' lang='lat' dir='ltr'><strong>his</strong></span> <span class='ocrx_word' id='word_1_99' title='bbox 408 2098 559 2160; x_wconf 80' lang='lat' dir='ltr'><strong>versibus.</strong></span> <span class='ocrx_word' id='word_1_100' title='bbox 606 2096 694 2160; x_wconf 87' lang='lat' dir='ltr'><strong>Inter</strong></span> <span class='ocrx_word' id='word_1_101' title='bbox 717 2120 769 2160; x_wconf 90' lang='lat' dir='ltr'><strong>eos</strong></span> <span class='ocrx_word' id='word_1_102' title='bbox 792 2098 856 2180; x_wconf 75' lang='lat' dir='ltr'><strong>qui,</strong></span> <span class='ocrx_word' id='word_1_103' title='bbox 881 2103 915 2160; x_wconf 90' lang='lat' dir='ltr'><strong>ut</strong></span> <span class='ocrx_word' id='word_1_104' title='bbox 938 2097 1146 2172; x_wconf 80' lang='lat' dir='ltr'><strong>Ribbeckius‚</strong></span> <span class='ocrx_word' id='word_1_105' title='bbox 1171 2119 1232 2160; x_wconf 89' lang='lat' dir='ltr'><strong>non</strong></span> 
     </span>
     <span class='ocr_line' id='line_1_16' title="bbox 174 2221 1232 2304; baseline -0.001 -19"><span class='ocrx_word' id='word_1_106' title='bbox 174 2222 267 2285; x_wconf 90' lang='lat' dir='ltr'><strong>modo</strong></span> <span class='ocrx_word' id='word_1_107' title='bbox 299 2221 380 2284; x_wconf 88' lang='lat' dir='ltr'><strong>hanc</strong></span> <span class='ocrx_word' id='word_1_108' title='bbox 415 2228 539 2304; x_wconf 84' lang='lat' dir='ltr'><strong>partem</strong></span> <span class='ocrx_word' id='word_1_109' title='bbox 572 2223 678 2285; x_wconf 71' lang='lat' dir='ltr'><strong>satirae</strong></span> <span class='ocrx_word' id='word_1_110' title='bbox 713 2223 768 2284; x_wconf 85' lang='lat' dir='ltr'><strong>sed</strong></span> <span class='ocrx_word' id='word_1_111' title='bbox 803 2223 982 2285; x_wconf 83' lang='lat' dir='ltr'><strong>universam</strong></span> <span class='ocrx_word' id='word_1_112' title='bbox 1019 2223 1154 2284; x_wconf 84' lang='lat' dir='ltr'><strong>satiram</strong></span> <span class='ocrx_word' id='word_1_113' title='bbox 1177 2222 1232 2284; x_wconf 86' lang='lat' dir='ltr'><strong>da·</strong></span> 
     </span>
     <span class='ocr_line' id='line_1_17' title="bbox 173 2346 1232 2430; baseline -0.001 -20"><span class='ocrx_word' id='word_1_114' title='bbox 173 2352 294 2423; x_wconf 76' lang='lat' dir='ltr'><strong>mnant,</strong></span> <span class='ocrx_word' id='word_1_115' title='bbox 319 2351 351 2409; x_wconf 89' lang='lat' dir='ltr'><strong>et</strong></span> <span class='ocrx_word' id='word_1_116' title='bbox 374 2369 426 2409; x_wconf 90' lang='lat' dir='ltr'><strong>eos</strong></span> <span class='ocrx_word' id='word_1_117' title='bbox 449 2347 504 2429; x_wconf 82' lang='lat' dir='ltr'><strong>qui</strong></span> <span class='ocrx_word' id='word_1_118' title='bbox 520 2348 666 2410; x_wconf 86' lang='lat' dir='ltr'><strong>omnibus</strong></span> <span class='ocrx_word' id='word_1_119' title='bbox 682 2347 803 2409; x_wconf 78' lang='lat' dir='ltr'><strong>viribus</strong></span> <span class='ocrx_word' id='word_1_120' title='bbox 822 2347 993 2411; x_wconf 83' lang='lat' dir='ltr'><strong>enituntur.</strong></span> <span class='ocrx_word' id='word_1_121' title='bbox 1011 2350 1046 2409; x_wconf 90' lang='lat' dir='ltr'><strong>ut</strong></span> <span class='ocrx_word' id='word_1_122' title='bbox 1062 2346 1232 2430; x_wconf 82' lang='lat' dir='ltr'><strong>integrita-</strong></span> 
     </span>
     <span class='ocr_line' id='line_1_18' title="bbox 173 2469 1232 2552; baseline -0.002 -18"><span class='ocrx_word' id='word_1_123' title='bbox 173 2475 237 2534; x_wconf 90' lang='lat' dir='ltr'><strong>tem</strong></span> <span class='ocrx_word' id='word_1_124' title='bbox 273 2472 379 2533; x_wconf 72' lang='lat' dir='ltr'><strong>satirae</strong></span> <span class='ocrx_word' id='word_1_125' title='bbox 415 2472 596 2547; x_wconf 77' lang='lat' dir='ltr'><strong>defendant,</strong></span> <span class='ocrx_word' id='word_1_126' title='bbox 624 2471 773 2546; x_wconf 76' lang='lat' dir='ltr'><strong>medium,</strong></span> <span class='ocrx_word' id='word_1_127' title='bbox 797 2471 879 2552; x_wconf 86' lang='lat' dir='ltr'><strong>quod</strong></span> <span class='ocrx_word' id='word_1_128' title='bbox 904 2471 1002 2548; x_wconf 85' lang='lat' dir='ltr'><strong>aiunt,</strong></span> <span class='ocrx_word' id='word_1_129' title='bbox 1026 2469 1232 2534; x_wconf 85' lang='lat' dir='ltr'><strong>Haenickeus</strong></span> 
     </span>
     <span class='ocr_line' id='line_1_19' title="bbox 173 2594 1232 2677; baseline 0.001 -20"><span class='ocrx_word' id='word_1_130' title='bbox 173 2600 273 2663; x_wconf 76' lang='lat' dir='ltr'><strong>teneti</strong></span> <span class='ocrx_word' id='word_1_131' title='bbox 308 2595 362 2677; x_wconf 89' lang='lat' dir='ltr'><strong>qui</strong></span> <span class='ocrx_word' id='word_1_132' title='bbox 398 2596 431 2656; x_wconf 89' lang='lat' dir='ltr'><strong>iu</strong></span> <span class='ocrx_word' id='word_1_133' title='bbox 463 2595 727 2657; x_wconf 82' lang='lat' dir='ltr'><strong>commentatione</strong></span> <span class='ocrx_word' id='word_1_134' title='bbox 750 2616 808 2656; x_wconf 86' lang='lat' dir='ltr'><strong>sna</strong></span> <span class='ocrx_word' id='word_1_135' title='bbox 827 2596 850 2663; x_wconf 55' lang='grc' dir='ltr'><strong>Ι)</strong></span> <span class='ocrx_word' id='word_1_136' title='bbox 874 2595 1090 2658; x_wconf 76' lang='lat' dir='ltr'><strong>demonstrare</strong></span> <span class='ocrx_word' id='word_1_137' title='bbox 1115 2594 1232 2673; x_wconf 85' lang='lat' dir='ltr'><strong>studet,</strong></span> 
     </span>
     <span class='ocr_line' id='line_1_20' title="bbox 174 2719 1236 2800; baseline -0.001 -17"><span class='ocrx_word' id='word_1_138' title='bbox 174 2721 245 2783; x_wconf 89' lang='lat' dir='ltr'><strong>illos</strong></span> <span class='ocrx_word' id='word_1_139' title='bbox 279 2742 387 2782; x_wconf 77' lang='lat' dir='ltr'><strong>versus</strong></span> <span class='ocrx_word' id='word_1_140' title='bbox 423 2743 441 2781; x_wconf 89' lang='lat' dir='ltr'><strong>a</strong></span> <span class='ocrx_word' id='word_1_141' title='bbox 474 2719 623 2781; x_wconf 77' lang='lat' dir='ltr'><strong>Iuvenale</strong></span> <span class='ocrx_word' id='word_1_142' title='bbox 658 2719 785 2800; x_wconf 89' lang='lat' dir='ltr'><strong>quidem</strong></span> <span class='ocrx_word' id='word_1_143' title='bbox 820 2719 953 2800; x_wconf 87' lang='lat' dir='ltr'><strong>scriptos</strong></span> <span class='ocrx_word' id='word_1_144' title='bbox 988 2741 1067 2795; x_wconf 79' lang='lat' dir='ltr'><strong>esse,</strong></span> <span class='ocrx_word' id='word_1_145' title='bbox 1090 2720 1149 2782; x_wconf 90' lang='lat' dir='ltr'><strong>sed</strong></span> <span class='ocrx_word' id='word_1_146' title='bbox 1172 2741 1236 2782; x_wconf 89' lang='lat' dir='ltr'><strong>non</strong></span> 
     </span>
     <span class='ocr_line' id='line_1_21' title="bbox 174 2842 1235 2927; baseline 0.001 -21"><span class='ocrx_word' id='word_1_147' title='bbox 174 2845 241 2906; x_wconf 88' lang='lat' dir='ltr'><strong>sine</strong></span> <span class='ocrx_word' id='word_1_148' title='bbox 276 2866 393 2927; x_wconf 80' lang='lat' dir='ltr'><strong>magna</strong></span> <span class='ocrx_word' id='word_1_149' title='bbox 428 2843 669 2907; x_wconf 83' lang='lat' dir='ltr'><strong>dissimulantia.</strong></span> <span class='ocrx_word' id='word_1_150' title='bbox 704 2865 776 2905; x_wconf 85' lang='lat' dir='ltr'><strong>cum</strong></span> <span class='ocrx_word' id='word_1_151' title='bbox 799 2848 924 2925; x_wconf 85' lang='lat' dir='ltr'><strong>poetam</strong></span> <span class='ocrx_word' id='word_1_152' title='bbox 948 2842 1103 2906; x_wconf 90' lang='lat' dir='ltr'><strong>hocloco</strong></span> <span class='ocrx_word' id='word_1_153' title='bbox 1126 2848 1235 2907; x_wconf 87' lang='lat' dir='ltr'><strong>osten·</strong></span> 
     </span>
     <span class='ocr_line' id='line_1_22' title="bbox 175 2967 1237 3050; baseline 0.001 -19"><span class='ocrx_word' id='word_1_154' title='bbox 175 2969 249 3031; x_wconf 87' lang='lat' dir='ltr'><strong>dere</strong></span> <span class='ocrx_word' id='word_1_155' title='bbox 284 2969 419 3030; x_wconf 74' lang='lat' dir='ltr'><strong>voluisse</strong></span> <span class='ocrx_word' id='word_1_156' title='bbox 455 2969 573 3041; x_wconf 78' lang='lat' dir='ltr'><strong>credat,</strong></span> <span class='ocrx_word' id='word_1_157' title='bbox 600 2989 664 3030; x_wconf 88' lang='lat' dir='ltr'><strong>uon</strong></span> <span class='ocrx_word' id='word_1_158' title='bbox 687 2967 796 3049; x_wconf 87' lang='lat' dir='ltr'><strong>quales</strong></span> <span class='ocrx_word' id='word_1_159' title='bbox 819 2989 928 3030; x_wconf 80' lang='lat' dir='ltr'><strong>versus</strong></span> <span class='ocrx_word' id='word_1_160' title='bbox 951 2968 1020 3049; x_wconf 85' lang='lat' dir='ltr'><strong>ipse</strong></span> <span class='ocrx_word' id='word_1_161' title='bbox 1043 2989 1237 3050; x_wconf 85' lang='lat' dir='ltr'><strong>componere</strong></span> 
     </span>
     <span class='ocr_line' id='line_1_23' title="bbox 174 3092 1237 3175; baseline 0.002 -21"><span class='ocrx_word' id='word_1_162' title='bbox 174 3097 291 3175; x_wconf 77' lang='lat' dir='ltr'><strong>posset,</strong></span> <span class='ocrx_word' id='word_1_163' title='bbox 314 3093 369 3155; x_wconf 89' lang='lat' dir='ltr'><strong>sed</strong></span> <span class='ocrx_word' id='word_1_164' title='bbox 393 3092 502 3175; x_wconf 87' lang='lat' dir='ltr'><strong>quales</strong></span> <span class='ocrx_word' id='word_1_165' title='bbox 527 3092 624 3174; x_wconf 76' lang='lat' dir='ltr'><strong>vulgo</strong></span> <span class='ocrx_word' id='word_1_166' title='bbox 646 3092 669 3153; x_wconf 93' lang='lat' dir='ltr'><strong>ii</strong></span> <span class='ocrx_word' id='word_1_167' title='bbox 692 3092 845 3157; x_wconf 88' lang='lat' dir='ltr'><strong>facerent.</strong></span> <span class='ocrx_word' id='word_1_168' title='bbox 868 3092 934 3174; x_wconf 71' lang='lat' dir='ltr'><strong>qui,</strong></span> <span class='ocrx_word' id='word_1_169' title='bbox 958 3113 1030 3153; x_wconf 89' lang='lat' dir='ltr'><strong>cum</strong></span> <span class='ocrx_word' id='word_1_170' title='bbox 1052 3092 1087 3154; x_wconf 91' lang='lat' dir='ltr'><strong>in</strong></span> <span class='ocrx_word' id='word_1_171' title='bbox 1110 3094 1237 3156; x_wconf 84' lang='lat' dir='ltr'><strong>exerci-</strong></span> 
     </span>
    </p>
   </div>
   <div class='ocr_carea' id='block_1_3' title="bbox 173 3216 1238 3298">
    <p class='ocr_par' dir='ltr' id='par_1_5' title="bbox 173 3216 1238 3298">
     <span class='ocr_line' id='line_1_24' title="bbox 173 3216 1238 3298; baseline 0 -17"><span class='ocrx_word' id='word_1_172' title='bbox 173 3218 309 3281; x_wconf 87' lang='lat' dir='ltr'><strong>tationes</strong></span> <span class='ocrx_word' id='word_1_173' title='bbox 333 3216 574 3279; x_wconf 86' lang='lat' dir='ltr'><strong>declamatorias</strong></span> <span class='ocrx_word' id='word_1_174' title='bbox 598 3238 727 3298; x_wconf 90' lang='lat' dir='ltr'><strong>operam</strong></span> <span class='ocrx_word' id='word_1_175' title='bbox 751 3221 782 3278; x_wconf 91' lang='lat' dir='ltr'><strong>et</strong></span> <span class='ocrx_word' id='word_1_176' title='bbox 802 3217 940 3279; x_wconf 87' lang='lat' dir='ltr'><strong>studium</strong></span> <span class='ocrx_word' id='word_1_177' title='bbox 956 3217 1034 3278; x_wconf 86' lang='lat' dir='ltr'><strong>satis</strong></span> <span class='ocrx_word' id='word_1_178' title='bbox 1051 3216 1106 3278; x_wconf 88' lang='lat' dir='ltr'><strong>diu</strong></span> <span class='ocrx_word' id='word_1_179' title='bbox 1123 3221 1238 3281; x_wconf 90' lang='lat' dir='ltr'><strong>coutu-</strong></span> 
     </span>
    </p>
   </div>
   <div class='ocr_carea' id='block_1_4' title="bbox 142 3340 1239 3426">
    <p class='ocr_par' dir='ltr' id='par_1_6' title="bbox 142 3340 1239 3426">
     <span class='ocr_line' id='line_1_25' title="bbox 142 3340 1239 3426; baseline -0.001 -21"><span class='ocrx_word' id='word_1_180' title='bbox 142 3399 146 3406; x_wconf 86' lang='lat'><em>.</em></span> <span class='ocrx_word' id='word_1_181' title='bbox 174 3343 248 3405; x_wconf 86' lang='lat' dir='ltr'><strong>lissc</strong></span> <span class='ocrx_word' id='word_1_182' title='bbox 271 3341 333 3404; x_wconf 90' lang='lat' dir='ltr'><strong>sibi</strong></span> <span class='ocrx_word' id='word_1_183' title='bbox 357 3341 549 3407; x_wconf 83' lang='lat' dir='ltr'><strong>riderentur.</strong></span> <span class='ocrx_word' id='word_1_184' title='bbox 574 3341 708 3403; x_wconf 83' lang='lat' dir='ltr'><strong>assiduis</strong></span> <span class='ocrx_word' id='word_1_185' title='bbox 731 3341 971 3403; x_wconf 87' lang='lat' dir='ltr'><strong>recitationibus</strong></span> <span class='ocrx_word' id='word_1_186' title='bbox 994 3341 1028 3402; x_wconf 90' lang='lat' dir='ltr'><strong>in</strong></span> <span class='ocrx_word' id='word_1_187' title='bbox 1044 3340 1112 3402; x_wconf 89' lang='lat' dir='ltr'><strong>dies</strong></span> <span class='ocrx_word' id='word_1_188' title='bbox 1128 3343 1239 3426; x_wconf 82' lang='lat' dir='ltr'><strong>magis</strong></span> 
     </span>
    </p>
   </div>
   <div class='ocr_carea' id='block_1_5' title="bbox 172 3465 1241 3671">
    <p class='ocr_par' dir='ltr' id='par_1_7' title="bbox 172 3465 1241 3671">
     <span class='ocr_line' id='line_1_26' title="bbox 172 3465 1241 3547; baseline 0.003 -19"><span class='ocrx_word' id='word_1_189' title='bbox 172 3466 295 3528; x_wconf 84' lang='lat' dir='ltr'><strong>molesti</strong></span> <span class='ocrx_word' id='word_1_190' title='bbox 332 3469 364 3527; x_wconf 91' lang='lat' dir='ltr'><strong>et</strong></span> <span class='ocrx_word' id='word_1_191' title='bbox 398 3465 492 3526; x_wconf 77' lang='lat' dir='ltr'><strong>invisi</strong></span> <span class='ocrx_word' id='word_1_192' title='bbox 527 3465 566 3526; x_wconf 89' lang='lat' dir='ltr'><strong>iis</strong></span> <span class='ocrx_word' id='word_1_193' title='bbox 601 3468 724 3540; x_wconf 80' lang='lat' dir='ltr'><strong>tierent,</strong></span> <span class='ocrx_word' id='word_1_194' title='bbox 758 3465 813 3546; x_wconf 91' lang='lat' dir='ltr'><strong>qui</strong></span> <span class='ocrx_word' id='word_1_195' title='bbox 848 3486 900 3527; x_wconf 89' lang='lat' dir='ltr'><strong>eos</strong></span> <span class='ocrx_word' id='word_1_196' title='bbox 933 3486 1100 3547; x_wconf 70' lang='lat' dir='ltr'><strong>nugasque</strong></span> <span class='ocrx_word' id='word_1_197' title='bbox 1123 3487 1241 3530; x_wconf 89' lang='lat' dir='ltr'><strong>eorum</strong></span> 
     </span>
     <span class='ocr_line' id='line_1_27' title="bbox 174 3587 1238 3671; baseline 0.002 -19"><span class='ocrx_word' id='word_1_198' title='bbox 174 3590 295 3652; x_wconf 74' lang='lat' dir='ltr'><strong>evitare</strong></span> <span class='ocrx_word' id='word_1_199' title='bbox 327 3589 415 3651; x_wconf 91' lang='lat' dir='ltr'><strong>nullo</strong></span> <span class='ocrx_word' id='word_1_200' title='bbox 438 3590 530 3652; x_wconf 90' lang='lat' dir='ltr'><strong>modo</strong></span> <span class='ocrx_word' id='word_1_201' title='bbox 553 3594 692 3671; x_wconf 84' lang='lat' dir='ltr'><strong>possent.</strong></span> <span class='ocrx_word' id='word_1_202' title='bbox 728 3588 781 3651; x_wconf 75' lang='lat' dir='ltr'><strong>‘Et</strong></span> <span class='ocrx_word' id='word_1_203' title='bbox 804 3589 952 3670; x_wconf 90' lang='lat' dir='ltr'><strong>quoniam</strong></span> <span class='ocrx_word' id='word_1_204' title='bbox 976 3587 1139 3652; x_wconf 73' lang='lat' dir='ltr'><strong>Iuvenalis</strong></span> <span class='ocrx_word' id='word_1_205' title='bbox 1163 3588 1192 3653; x_wconf 91' lang='lat' dir='ltr'><strong>l.</strong></span> <span class='ocrx_word' id='word_1_206' title='bbox 1220 3595 1238 3654; x_wconf 94' lang='grc'><strong>1</strong></span> 
     </span>
    </p>
   </div>
   <div class='ocr_carea' id='block_1_6' title="bbox 173 3713 594 3817">
    <p class='ocr_par' dir='ltr' id='par_1_8' title="bbox 173 3713 594 3817">
     <span class='ocr_line' id='line_1_28' title="bbox 173 3713 594 3817; baseline -0.005 -40"><span class='ocrx_word' id='word_1_207' title='bbox 173 3713 242 3777; x_wconf 82' lang='lat' dir='ltr'><strong>hec</strong></span> <span class='ocrx_word' id='word_1_208' title='bbox 265 3714 363 3776; x_wconf 77' lang='lat' dir='ltr'><strong>rerba</strong></span> <span class='ocrx_word' id='word_1_209' title='bbox 387 3714 594 3817; x_wconf 79' lang='lat' dir='ltr'><strong>exclamarit:</strong></span> 
     </span>
    </p>
   </div>
   <div class='ocr_carea' id='block_1_7' title="bbox 173 3888 1242 4032">
    <p class='ocr_par' dir='ltr' id='par_1_9' title="bbox 173 3888 1242 4032">
     <span class='ocr_line' id='line_1_29' title="bbox 284 3888 1242 3958; baseline 0.006 -17"><span class='ocrx_word' id='word_1_210' title='bbox 284 3890 303 3935; x_wconf 71' lang='lat' dir='ltr'><strong>‘t</strong></span> <span class='ocrx_word' id='word_1_211' title='bbox 323 3891 353 3941; x_wconf 74' lang='lat'><strong>0.</strong></span> <span class='ocrx_word' id='word_1_212' title='bbox 381 3891 518 3942; x_wconf 60' lang='lat' dir='ltr'><strong>Himera:</strong></span> <span class='ocrx_word' id='word_1_213' title='bbox 546 3888 686 3942; x_wconf 81' lang='lat' dir='ltr'><strong>Kritische</strong></span> <span class='ocrx_word' id='word_1_214' title='bbox 712 3889 927 3958; x_wconf 73' lang='lat' dir='ltr'><strong>[ntersucbung</strong></span> <span class='ocrx_word' id='word_1_215' title='bbox 947 3889 1015 3942; x_wconf 81' lang='lat' dir='ltr'><strong>uber</strong></span> <span class='ocrx_word' id='word_1_216' title='bbox 1032 3889 1079 3942; x_wconf 79' lang='lat' dir='ltr'><strong>die</strong></span> <span class='ocrx_word' id='word_1_217' title='bbox 1097 3888 1242 3948; x_wconf 82' lang='lat' dir='ltr'><strong>Echtheit</strong></span> 
     </span>
     <span class='ocr_line' id='line_1_30' title="bbox 173 3977 825 4032; baseline -0.002 -1"><span class='ocrx_word' id='word_1_218' title='bbox 173 3980 222 4032; x_wconf 86' lang='lat' dir='ltr'><strong>der</strong></span> <span class='ocrx_word' id='word_1_219' title='bbox 241 3979 328 4030; x_wconf 77' lang='lat' dir='ltr'><strong>12Sa</strong></span> <span class='ocrx_word' id='word_1_220' title='bbox 312 3978 383 4031; x_wconf 85' lang='lat' dir='ltr'><strong>atire</strong></span> <span class='ocrx_word' id='word_1_221' title='bbox 402 3996 456 4030; x_wconf 72' lang='lat' dir='ltr'><strong>ion</strong></span> <span class='ocrx_word' id='word_1_222' title='bbox 474 3977 601 4031; x_wconf 71' lang='lat' dir='ltr'><strong>Juvenal</strong></span> <span class='ocrx_word' id='word_1_223' title='bbox 621 3978 727 4031; x_wconf 87' lang='lat' dir='ltr'><strong>Putbus</strong></span> <span class='ocrx_word' id='word_1_224' title='bbox 747 3978 825 4030; x_wconf 68' lang='lat'><em>1813.</em></span> 
     </span>
    </p>
   </div>
   <div class='ocr_carea' id='block_1_8' title="bbox 0 0 1418 4612">
    <p class='ocr_par' dir='ltr' id='par_1_10' title="bbox 0 0 1418 4612">
     <span class='ocr_line' id='line_1_31' title="bbox 0 0 1418 4612; baseline 0 0"><span class='ocrx_word' id='word_1_225' title='bbox 0 0 1418 4612; x_wconf 95' lang='lat' dir='ltr'><strong> </strong></span> 
     </span>
    </p>
   </div>
  </div>
 </body>
</html>
