2828 4612
672 285 859 355 ..ὃς
923 256 968 333 f

320 471 410 534 Anae
434 471 461 534 si
484 471 532 534 vis
555 469 595 533 x.
621 471 695 548 321,
720 451 792 534 ΧΠ.
818 471 870 547 aa,
894 467 984 533 rur.
1011 472 1083 548 153,
1109 472 1182 534 232.

320 595 518 660 Adnotamus
545 595 622 658 'haec
657 595 813 677 exempla,
849 617 920 657 cum
949 595 1031 677 apud
1055 578 1183 677 poetam
1206 599 1272 658 tam

212 743 298 804 saepe
326 722 504 797 occurrant,
529 723 564 782 ut
587 720 677 802 quasi
700 719 863 802 proprium
888 719 1013 801 aliquod
1038 720 1273 782 consuetudinis

213 845 279 908 eius
303 844 463 908 scribendi
487 844 555 907 iure
580 844 642 906 dici
665 865 757 926 posse
780 843 957 907 videantur.

319 942 350 1032 Α
384 991 414 1032 v.
449 969 489 1031 27
514 969 615 1052 igitur
636 966 788 1035 Naenolus
812 971 912 1051 poetas
937 969 1127 1050 respondere
1150 968 1272 1050 incipit.

212 1093 386 1177 Languidis
421 1094 522 1156 utitor
556 1093 662 1156 verbis
698 1097 730 1156 et
764 1092 919 1155 remissis:
957 1092 1017 1154 sibi
1041 1114 1130 1174 spem
1153 1093 1273 1156 nullam

213 1239 280 1280 esse
309 1217 474 1300 reliquam,
504 1239 642 1281 cessasse
666 1217 770 1280 sidera
794 1216 871 1292 (cfr
895 1213 970 1279 VH.
997 1217 1059 1280 194
1083 1221 1176 1299 sqq),
1199 1218 1272 1280 inde

212 1343 348 1406 miseriae
385 1343 504 1405 fontem
540 1345 571 1405 et
595 1342 760 1426 originem.
807 1341 869 1405 Per
893 1345 990 1405 totam
1015 1343 1145 1405 satiram
1167 1341 1273 1405 inutili

212 1467 437 1531 lamentatione
461 1467 622 1530 fortunam
645 1489 735 1529 suam
758 1459 943 1549 complorat,
969 1488 1094 1549 semper
1117 1467 1155 1529 de
1172 1489 1272 1549 penu·

214 1594 262 1656 ria
286 1594 370 1677 agit:

371 1771 517 1841 quantum
541 1769 605 1823 erat
629 1766 762 1824 exhausti
785 1767 901 1825 lumbos
926 1767 1034 1824 donare
1059 1766 1172 1824 clientis

371 1874 523 1949 iugeribus
546 1873 665 1948 paucis!

211 2027 352 2091 etinfra:
373 2053 424 2091 vos
447 2033 552 2090 humili
576 2034 729 2104 adseculae,
754 2051 805 2091 vos
829 2033 1026 2108 indulgebitis
1042 2053 1185 2108 umquam

372 2139 488 2209 cultori,
513 2140 571 2196 iam
595 2158 648 2197 neo
672 2140 774 2197 morbo
799 2140 906 2198 donare
930 2140 1042 2215 parati!

317 2321 424 2383 Etiam
459 2321 492 2382 in
526 2321 588 2383 fine
624 2319 740 2398 satira,
776 2319 1040 2385 consolationibus
1064 2323 1165 2403 poetae
1190 2319 1271 2382 nihil
1346 2325 1353 2342 “

211 2445 344 2523 levatus,
368 2445 459 2508 triste
483 2445 563 2507 illud
586 2444 690 2508 addit:
724 2503 726 2507 .

814 2592 963 2650 sufficiunt
985 2593 1056 2661 haec,

371 2700 489 2774 quando
514 2717 569 2774 ego
591 2717 780 2774 pauperem.
816 2699 928 2756 Votum
944 2697 1118 2766 miserabile,
1136 2717 1189 2756 nec
1205 2718 1270 2773 spes

370 2806 413 2863 his
438 2806 558 2863 saltem!

316 2968 378 3032 Vv.
414 2969 543 3032 27-90
579 2966 710 3032 Naevolo
736 2968 830 3031 dandi
854 2971 936 3030 sunt.
983 2966 1109 3031 Priores
1133 2968 1269 3031 editores

213 3093 396 3178 Rupertius,
433 3093 496 3168 alii,
535 3093 633 3182 etiam
666 3092 782 3160 inhac
805 3094 895 3174 parte
920 3091 1080 3175 dialogum
1105 3114 1171 3155 esse
1196 3115 1271 3156 con-

211 3219 354 3295 tendunt,
390 3216 472 3280 nihil
506 3218 573 3280 fere
606 3218 737 3280 rationis
772 3203 963 3280 adferentes.
1009 3214 1195 3281 Redibimus
1231 3219 1270 3281 ad

212 3365 284 3406 eam
307 3343 523 3426 quaestionem.

317 3510 357 3575 V.
383 3513 442 3576 29:

264 3686 266 3690 ’
371 3669 554 3742 munimenta
578 3670 666 3742 togae,
691 3665 758 3722 duri
781 3665 929 3741 crassique
954 3667 1059 3724 coloris

211 3855 230 3895 a
264 3831 441 3897 Ribbeckio
477 3852 538 3894 non
573 3824 798 3911 comprobatur
820 3832 983 3911 tamquam
1007 3829 1134 3892 omnino
1158 3850 1268 3912 super-

210 3979 378 4022 vacaneus.
417 3954 478 4019 Sed
501 3953 660 4019 Iuvenalis
685 3952 753 4016 eius
776 3952 995 4043 modi·versus
1012 3974 1118 4016 amare
1134 3953 1269 4030 videtur,
