2828 4612
629 303 801 365 -75-

158 479 366 563 significent
400 480 531 561 iureque
563 479 767 563 reprehendit
791 478 1057 562 Oudendorpium,
1083 480 1137 562 qui
1161 480 1242 542 dixit

178 605 223 667 ad
246 605 380 667 verbum
402 624 519 688 magno
543 605 734 667 audiendum
750 626 833 668 esse:
858 604 982 687 poculo
1018 603 1124 667 Variae
1142 604 1255 689 igitur¹

178 729 436 798 suntsententiae
453 729 592 792 virorum
611 729 782 803 doctorum,
800 729 943 811 plerique
960 729 1028 791 lraeo
1040 727 1241 790 hemistichia

178 852 301 916 delent.
346 851 421 916 Non
445 858 539 932 recte.
564 854 675 929 crcd03
704 854 831 915 suntin
857 853 1016 916 codicibus
1040 852 1240 935 scholiisque,

177 999 284 1061 neque
309 1000 439 1060 pravam
463 979 653 1041 sententiam
677 977 806 1055 habent,
830 999 903 1040 nam
927 979 1009 1060 quod
1032 981 1138 1041 monet
1162 977 1241 1040 Rib-

178 1102 325 1180 beolrius
359 1104 450 1166 notas
484 1125 535 1165 res
570 1103 603 1165 in
637 1103 675 1166 iis
708 1104 956 1180 commemorari,
980 1104 1013 1165 id
1037 1103 1134 1165 etiam
1157 1102 1242 1164 valet

178 1229 219 1291 de
243 1227 353 1290 multis
371 1227 441 1290 aliis
458 1228 599 1290 versibus
616 1226 838 1305 luvenalianis,
855 1249 932 1310 quos
948 1227 1015 1309 ipse
1032 1249 1092 1289 non
1109 1227 1240 1309 respuit.

176 1351 302 1429 Verba,
326 1374 397 1435 quae
421 1355 509 1415 sunt:
533 1374 597 1414 non
621 1376 639 1414 a
661 1374 817 1435 mangone
841 1353 960 1434 petitus
985 1352 1151 1433 quisquam
1169 1351 1240 1428 erit,

176 1498 245 1539 non
268 1478 343 1539 sunt
365 1476 507 1554 molesta,
532 1477 586 1539 sed
610 1499 680 1559 quae
705 1477 817 1540 deinde
842 1479 1029 1558 sequuntur:
1066 1476 1100 1537 111
1123 1496 1240 1558 magno

176 1599 215 1680 (l.
240 1605 273 1663 et
296 1601 425 1684 magno)
449 1600 593 1685 intellegi
617 1624 679 1664 non
702 1604 850 1684 possunt3
876 1600 908 1663 id
932 1600 1109 1663 llibbeckio
1133 1621 1240 1662 assen-

176 1726 251 1791 tior.
299 1722 382 1788 Illud
417 1747 532 1807 magno
566 1727 723 1810 originem
757 1726 823 1789 sinc
861 1726 956 1789 dubio
979 1726 1077 1788 traxit
1101 1748 1118 1787 e
1142 1724 1239 1788 verbo

181 1872 338 1935 mangone
373 1850 407 1912 in
440 1873 533 1914 versu
567 1852 682 1933 priore,
717 1873 812 1933 quein
847 1873 984 1914 errorem
1013 1850 1107 1913 variis
1131 1853 1240 1932 postea

179 1975 280 2039 modis
304 1974 426 2039 librarii
451 1977 617 2038 emendare
643 1977 747 2039 conati
770 1979 851 2038 sunt.
898 1975 998 2038 Credo
1023 1997 1059 2037 eo
1082 1975 1160 2049 loco,
1184 1974 1240 2037 ubi

177 2121 264 2162 nunc
287 2099 344 2162 illa
367 2100 464 2163 verba
487 2101 519 2162 in
543 2122 659 2182 magno
682 2100 841 2181 leguntur,
867 2100 1056 2162 adiectivum
1080 2099 1177 2160 fuisse
1200 2099 1240 2161 ad

176 2245 372 2307 mangonem
402 2224 574 2307 pertinens.
622 2224 720 2297 Quale
744 2224 802 2286 hoc
827 2224 1016 2286 adiectivum
1042 2223 1148 2301 fuerit,
1175 2222 1239 2285 coi·

176 2370 252 2413 cere
276 2371 339 2412 non
362 2350 472 2426 audeo,
497 2349 629 2411 fortasse
653 2350 772 2411 inmani
796 2349 847 2412 vel
869 2348 933 2410 tale
958 2348 1043 2430 quid.
1080 2344 1238 2409 luvenalis

175 2474 218 2537 de
255 2474 353 2536 servis
388 2474 560 2536 insolenter
590 2496 652 2537 non
676 2473 824 2556 loquitur,
848 2473 977 2559 minimo
1002 2474 1035 2535 in
1058 2471 1118 2534 hac
1142 2471 1239 2533 satira

174 2597 259 2679 (Ori.
294 2596 351 2661 Vl.
380 2600 453 2675 222,
477 2597 547 2661 XV.
574 2599 636 2660 149
661 2599 744 2681 sqq.)
769 2601 800 2660 et
825 2598 851 2660 si
875 2597 1063 2660 attributum
1088 2595 1238 2659 hocloco

175 2722 269 2785 dedit
302 2722 462 2804 mangoni,
498 2723 530 2785 id
565 2723 646 2804 quod
683 2744 742 2806 ego
765 2744 826 2785 non
850 2722 1044 2805 negaverim,
1069 2720 1237 2783 admodum

177 2847 332 2909 acerbum
367 2848 434 2908 sine
471 2847 565 2909 dubio
601 2847 696 2923 dedit.
744 2846 915 2909 Retinendi
951 2849 1023 2908 suut
1057 2845 1156 2929 igitur
1187 2868 1237 2907 vv.

177 2970 366 3049 147—148,
403 2971 458 3033 sed
487 2972 585 3035 verba
608 2972 641 3034 in
664 2993 781 3054 magno
804 2972 893 3034 uncis
918 2971 1116 3048 includenda,
1141 2970 1239 3031 donec

175 3094 369 3159 attributum
391 3116 503 3158 verum
526 3096 733 3160 inveniamus.
901 3144 905 3152 .

287 3217 374 3293 Quod
411 3221 450 3283 ad
483 3243 533 3284 vv.
572 3220 744 3283 165-170
781 3221 895 3283 attinet
930 3220 991 3282 iam
1021 3219 1239 3283 altibbeclcio
1299 3249 1302 3253 ⁴

173 3342 308 3425 optimis
344 3344 539 3427 argumentis
575 3344 716 3436 damnati
751 3349 824 3407 sunt
853 3349 874 3421 ).
922 3343 1120 3426 Quamquam
1155 3343 1238 3406 enim

174 3489 252 3551 quae
275 3489 325 3530 vv.
353 3468 524 3531 169-170
553 3472 839 3532 commemorantur
862 3470 942 3532 bene
966 3471 1143 3552 congruunt
1167 3489 1237 3529 cum

173 3588 237 3654 VI.
264 3592 305 3654 63
329 3613 397 3674 sqq.
422 3590 550 3672 (addere
575 3593 679 3674 potuit
702 3616 731 3657 v.
755 3594 817 3656 168
834 3593 983 3675 magnam
999 3591 1238 3655 similitudinem

174 3716 300 3780 habere
324 3737 395 3778 cum
419 3713 476 3779 VI.
502 3717 590 3798 254),
615 3721 722 3779 tamen
737 3717 844 3800 inepte
860 3716 907 3779 illi
923 3739 1031 3779 versus
1048 3716 1237 3779 inseruntur.

172 3885 392 3895 ...-——-——-..

292 3979 311 4050 1)
331 3983 450 4036 Itinnucn
469 3982 487 4035 l.
507 3982 525 4035 l.
544 4001 589 4051 pp.
612 3983 759 4035 113-115.
