2828 4612
561 1095 712 1205 Satira
750 1096 841 1206 Xll.

278 1324 365 1389 Sitne
392 1326 461 1391 haec
484 1328 582 1390 satira
605 1327 637 1390 in
661 1349 826 1391 numerum
849 1327 1015 1390 meliorum
1031 1325 1230 1402 ascribenda,

171 1451 204 1514 in
239 1451 500 1534 disceptationem
534 1453 676 1515 revocari
710 1455 826 1534 potest.
872 1450 933 1526 Qui
968 1452 1138 1514 laudarent
1169 1472 1229 1514 non
1263 1462 1284 1487 “·

172 1575 356 1653 delirerunt3
381 1576 457 1639 mihi
483 1577 610 1658 quidem
634 1579 666 1638 et
689 1579 912 1660 argumentum
936 1581 967 1639 et
983 1576 1118 1638 fortasse
1135 1575 1229 1639 ctiam

173 1702 353 1781 argumenti
377 1702 613 1783 dispositionem
638 1702 859 1779 consideranti,
883 1723 946 1764 non
974 1700 1068 1763 nimis
1083 1700 1230 1763 laudibus

173 1824 353 1888 extollenda
388 1826 521 1888 videtur.
568 1823 675 1888 Inesse
710 1827 744 1888 iu
779 1849 826 1903 ea,
862 1848 932 1909 quae
967 1829 1169 1889 venustatem
1200 1831 1231 1885 et

173 1949 310 2031 gratiam
345 1948 554 2012 Horatianam
588 1950 785 2025 aemulentur,
810 1973 872 2014 uon
895 1971 987 2033 nego,
1012 1949 1105 2032 plura
1129 1949 1230 2023 video,

173 2095 243 2156 quae
268 2095 330 2137 non
354 2075 445 2137 modo
470 2076 509 2137 ab
534 2075 589 2137 illa
613 2080 776 2138 venustate
801 2080 832 2138 et
848 2076 954 2157 lepido
971 2074 1097 2138 dicendi
1114 2095 1230 2158 genere

173 2220 285 2262 verum
309 2200 435 2262 omnino
459 2201 499 2263 ab
522 2200 591 2281 ipsa
615 2206 681 2262 arte
706 2198 911 2262 luvenaliana
927 2200 1060 2262 nimium
1077 2201 1230 2281 quantum

176 2297 378 2388 abhorreant.
425 2323 562 2388 Satiram
580 2325 813 2387 'duodecimam
837 2348 855 2387 a
879 2323 1028 2387 Iuvenale
1052 2345 1116 2386 non
1141 2324 1232 2386 abiu·

173 2450 253 2525 dieo,
291 2450 345 2510 sed
380 2452 446 2511 tam
481 2449 592 2532 gravia
627 2452 700 2511 sunt
734 2448 799 2526 illa,
824 2470 893 2531 quae
918 2448 1175 2525 commemoravi,
1199 2450 1233 2509 ut

172 2573 374 2636 mirationem
402 2574 522 2635 faciant
546 2595 662 2655 nosque
686 2580 804 2656 cogant
826 2573 995 2654 inquirere,
1020 2594 1170 2656 quaenam
1193 2572 1235 2634 sit

173 2697 229 2759 illa
265 2718 369 2772 causa,
405 2719 467 2778 qua
503 2700 662 2778 permotus
697 2701 792 2780 poeta
826 2698 865 2759 ad
901 2696 967 2758 eius
991 2696 1076 2759 modi
1100 2696 1233 2758 satiram

174 2821 421 2902 componendam
435 2842 616 2904 ,aggressus
640 2821 690 2884 sit.
737 2823 971 2904 Argumentum
996 2820 1217 2901 inspiciamus

280 2943 328 3007 Ob
365 2946 500 3008 reditum
537 2943 652 3006 Catulli
677 2945 770 3006 amici
794 2949 895 3025 poeta·
910 2943 1103 3006 sacrificium
1126 2944 1236 3008 facere

172 3068 251 3131 vult.
297 3067 409 3151 Neque
433 3069 595 3145 iniustum,
619 3090 691 3130 nam
717 3068 846 3145 1111111111,
863 3089 934 3129 (111111
950 3069 984 3129 in
999 3068 1116 3130 itincre
1133 3069 1237 3132 mari-

173 3193 251 3256 timo
275 3196 367 3264 esset,
392 3195 439 3254 tot
462 3193 535 3254 vitae
559 3178 700 3274 peri'cula
724 3193 854 3268 adierat,
880 3197 914 3253 ut
934 3192 1054 3253 servari
1070 3213 1165 3273 posse
1182 3193 1239 3256 vix

173 3317 346 3379 videretur.
381 3316 503 3380 Praeter
519 3317 697 3398 opinionem
714 3316 765 3378 liic
782 3317 855 3378 vitae
872 3316 1013 3377 redditus
1030 3319 1095 3392 est,
1114 3318 1239 3400 gaudio

174 3441 335 3504 exsultans
371 3446 463 3523 poeta
498 3440 632 3503 Corvino
661 3440 742 3502 hauc
767 3440 932 3522 epistolam
956 3439 1063 3517 mittit,
1089 3442 1242 3521 pericula

175 3566 292 3629 Catulli
317 3565 457 3648 exponit,
481 3565 638 3646 promittit
656 3586 689 3626 se
706 3565 895 3627 sacrificium
911 3565 1070 3626 facturum
1086 3565 1242 3649 petitque

175 3715 192 3752 a
217 3690 360 3768 Corvin0,
384 3692 418 3750 ut
441 3710 480 3749 ne
504 3688 545 3749 sit
569 3688 598 3750 ei
621 3693 802 3769 suspectum
825 3686 883 3748 hoc
907 3708 997 3748 suum
1021 3687 1054 3747 in
1070 3693 1242 3753 servatum

175 3815 310 3877 aulicum
346 3813 500 3887 studium;
539 3834 601 3874 non
636 3814 832 3893 captatorem
867 3831 899 3872 se
935 3831 1013 3886 esse,
1048 3831 1169 3890 purum
1209 3819 1245 3877 et

174 3941 330 4002 sincerum
367 3959 438 3998 eum
474 3958 613 3998 amorem
649 3957 726 4010 esse,
762 3933 817 4016 qui
851 3933 934 3995 inter
957 3954 989 3994 se
1014 3935 1046 3994 et
1070 3932 1245 4001 Catullum
