2828 4612
47 91 152 154 ruodo
187 91 358 172 prudentes
394 91 466 167 sint,
503 93 612 154 eadem
647 92 801 156 felicitate
836 92 899 156 frui
934 114 1024 174 posse
1056 90 1119 172 (vv.

55 214 262 295 ars—316).
856 189 859 195 ’

167 339 228 402 His
252 341 346 404 rebus
368 340 517 423 expositis
535 345 566 404 et
583 342 771 405 examinatis
788 339 947 405 Iuvenalis
964 341 1002 403 ad
1020 341 1120 423 epilo-

56 487 137 549 gum
174 466 290 528 transit
325 464 387 545 (rv.
413 464 611 547 alo-331).
658 465 751 544 Vive,
785 467 899 549 inquit,
924 489 1021 548 parvo
1046 488 1120 530 con-

59 593 179 667 tentus
217 612 373 672 compara,
402 612 463 672 quo
486 591 604 654 famem
631 594 663 653 et
686 585 792 675 frigus
807 573 974 670 defendas,
999 593 1121 676 reliqua

59 715 173 778 omitte
198 714 261 794 (vv.
288 713 492 796 316—321);
528 715 555 778 si
577 716 638 779 tibi
661 717 754 778 nimis
778 739 893 799 parcus
916 718 1035 791 videor,
1059 739 1121 781 non

27 914 31 923 Ι
59 839 211 923 impedi0,
236 861 275 902 ne
300 861 429 902 censum
454 844 633 921 equestrem
656 845 711 903 out
727 841 919 904 senatorium
937 863 1120 924 comparare

59 965 200 1037 coneris3
225 965 252 1027 si
276 986 389 1028 eonon
406 968 571 1027 contentus
589 966 660 1043 eris,
677 988 716 1028 ne
734 966 841 1029 Croesi
858 966 985 1048 quidem
1001 966 1121 1029 divitiae

60 1089 221 1152 sufficient
245 1087 307 1162 (vv.
333 1089 531 1170 :raa-331).

169 1212 257 1277 Duas
280 1213 380 1296 igitur
403 1236 453 1276 res
477 1237 495 1275 a
518 1212 668 1277 Iuvenale
692 1215 725 1276 in
749 1215 846 1277 satira
870 1215 1122 1296 quartadecima

62 1338 194 1401 tractari
229 1338 382 1415 ridemus,
417 1339 546 1401 minime
581 1340 664 1402 inter
687 1361 720 1402 se
745 1339 912 1402 dissimiles
936 1343 969 1402 et
991 1340 1121 1418 alienas,
1196 1340 1199 1345 ’

58 1463 117 1526 sed
143 1467 209 1525 arte
234 1463 425 1526 coniunctas.
472 1463 627 1546 Loquitur
651 1469 744 1546 poeta
768 1464 805 1527 de
829 1487 928 1547 prava
951 1465 1122 1528 liberorum

57 1587 261 1651 institutione
297 1591 329 1650 et
364 1589 401 1650 de
437 1588 476 1650 iis
511 1589 670 1670 periculis,
701 1612 771 1672 quae
796 1590 828 1652 in
852 1590 943 1652 malis
969 1590 1122 1672 exemplis

58 1713 243 1777 domesticis
266 1711 377 1775 latent.
417 1711 495 1775 Haec
519 1713 564 1775 ita
589 1713 736 1795 disponit,
762 1717 797 1776 ut
819 1715 957 1796 primum
978 1713 1041 1793 (vv.
1061 1716 1121 1776 1-

61 1838 142 1919 106)
167 1838 205 1900 de
229 1837 268 1899 iis
291 1838 377 1900 vitiis
402 1837 545 1914 disserat,
570 1859 639 1918 quae
664 1837 768 1916 liberi,
784 1841 951 1919 parentum
969 1839 1122 1919 exemplis

56 1962 214 2043 corrupti,
250 1965 360 2043 sponte
396 1961 528 2043 ipsaque
563 1964 677 2023 natura
708 1961 786 2023 duce
811 1961 983 2038 imitantur,
1009 1962 1121 2024 deinde

62 2090 132 2164 (vv.
159 2084 346 2166 lor—331)
370 2084 410 2148 ad
434 2085 610 2184 avaritiam,
635 2086 774 2149 omnium
797 2086 945 2149 vitiorum
960 2089 1123 2169 tamquam

57 2211 184 2274 fontem
208 2214 239 2273 et
263 2210 430 2294 originem,
454 2213 612 2284 transeat;
636 2232 731 2293 quam
747 2211 920 2293 separatim
935 2214 1121 2293 pertractat,

57 2356 135 2397 cum
160 2339 308 2416 parentes
332 2357 394 2397 non
418 2335 509 2398 modo
534 2335 687 2424 exemplis
711 2357 821 2398 verum
842 2335 939 2398 etiam
954 2336 1122 2418 praeceptis

57 2458 181 2522 liberos
204 2458 381 2533 hortentur,
405 2463 440 2521 ut
462 2459 550 2522 illam
573 2459 657 2522 viam
681 2461 910 2543 ingrediantur.
956 2436 1035 2525 Haec
1059 2461 1123 2524 dis-

58 2582 179 2664 positio
214 2605 277 2646 non
300 2584 509 2665 vituperanda
533 2589 590 2660 est,
615 2607 728 2667 neque,
753 2585 780 2647 si
804 2586 930 2670 singula
953 2608 1123 2670 perseque-

61 2729 148 2784 mur,
184 2708 294 2785 muita,
330 2730 400 2790 quae
425 2709 669 2791 reprehensione
694 2710 791 2795 digna
814 2711 887 2788 sint,
917 2712 1122 2777 inveniemus

58 2829 257 2895 Iteratioues
292 2833 530 2912 sententiarum,
566 2857 636 2918 quae
671 2837 702 2898 in
738 2836 797 2898 hac
832 2836 930 2899 satira
964 2859 1025 2900 non
1052 2859 1124 2900 mro

63 2960 248 3033 occurrunt,
277 2957 412 3021 fortasse
434 2958 574 3022 molestae
599 2960 699 3023 videri
723 2964 864 3043 possunt,
888 2962 942 3024 sed
966 2983 1067 3043 neque
1092 2962 1123 3023 id

64 3104 84 3143 a
110 3084 212 3162 poetae
243 3103 359 3165 genere
384 3083 543 3146 scribendi
567 3085 705 3147 alienum
729 3089 786 3159 est,
810 3108 912 3169 neque
937 3086 1124 3150 obliviscen-

65 3206 143 3268 dum
178 3208 235 3282 est,
270 3211 398 3288 poetam
429 3208 461 3270 in
485 3208 523 3270 iis
548 3209 634 3272 vitiis
659 3211 876 3274 examinandis
899 3211 1029 3289 versari,
1054 3233 1124 3294 quae

64 3331 142 3392 ante
166 3329 271 3391 omnia
295 3332 483 3414 gravissima
507 3354 573 3395 esse
597 3338 714 3411 censet,
739 3358 833 3417 quam
857 3337 896 3400 ob
920 3358 986 3399 rem
1010 3339 1124 3402 mirum

63 3474 130 3516 nou
164 3457 221 3530 est,
259 3454 286 3516 si
321 3477 428 3518 omnes
462 3479 574 3520 nervos
610 3462 780 3539 contendit,
805 3464 840 3524 ut
863 3463 982 3526 animos
1007 3486 1124 3538 eorum,

62 3577 123 3660 qui
147 3577 288 3651 audiunt,
312 3585 508 3644 commoveat
523 3584 711 3667 penitusque
728 3589 886 3652 mentibus
903 3612 1012 3654 eorum
1028 3593 1128 3655 verba
