2828 4612
623 288 795 351 -57-

282 464 331 529 De
366 465 571 530 incommodis
606 487 723 536 eorum,
759 466 814 549 qui
837 442 974 529 formosi'
990 470 1072 543 sunt,
1097 489 1146 531 vv.
1172 469 1235 532 289

176 592 286 683 -315
323 590 439 675 agitur.
492 589 567 656 Non
601 592 669 654 sine
706 595 789 668 arte;
825 614 900 655 nam
933 592 979 655 ita
1014 595 1237 675 argumentum

177 716 332 799 disposuit
367 722 470 799 poeta,
505 721 550 794 ut,
575 718 658 800 quod
683 717 907 801 gravissimum
931 721 1013 779 esset
1036 717 1237 800 maximeque

176 843 217 904 ad
244 843 497 924 persuadendum
535 843 682 906 idoneum
709 842 899 925 exemplum,
923 843 1070 905 ultimum
1093 845 1235 925 poneret.

176 967 349 1049 Postquam
368 966 548 1030 Messalinae
565 989 636 1029 cum
653 966 730 1030 Silio
747 968 866 1049 nuptiae
884 971 1134 1030 commemoratae
1152 971 1236 1043 sunt,

173 1096 344 1175 postquam
378 1092 520 1174 nequitia
555 1091 699 1174 coniugis
734 1092 936 1174 imperatoris
965 1092 1096 1154 concisis
1120 1091 1237 1168 verme,

174 1217 317 1280 breviter
352 1221 383 1279 et
418 1220 527 1298 aperte
564 1217 778 1279 dernonstrata
813 1219 860 1279 est
895 1215 948 1292 (ad
981 1215 1146 1278 infamiam
1170 1216 1238 1278 eius

174 1342 348 1404 notandam
371 1340 404 1403 hi
428 1363 537 1405 versus
562 1340 674 1404 callide
699 1341 897 1404 inseruntur:

328 1535 389 1592 haec
412 1538 447 1590 tu
470 1538 582 1591 secreta
606 1538 635 1591 et
658 1535 759 1608 paucis
784 1535 936 1592 commissa
960 1534 1105 1608 putabas:

327 1660 384 1698 non
409 1641 463 1698 nisi
486 1640 616 1715 legitime
640 1642 706 1698 vult
729 1641 852 1709 nubere)

179 1825 348 1904 postquam
373 1822 571 1884 notissimum
595 1823 673 1885 illud
696 1822 850 1899 omnibus
875 1823 929 1905 qui
952 1822 1113 1906 legebant,
1131 1843 1238 1884 exem-

179 1946 276 2029 plum,
313 1968 350 2010 ex
386 1946 519 2009 historia
553 1945 768 2009 Romanorum
804 1949 974 2029 sumptum,
1011 1950 1059 2009 est
1095 1947 1237 2024 allatum,

176 2072 285 2135 finem·
308 2076 403 2155 poeta
426 2071 504 2134 facit
528 2073 568 2135 ob
593 2093 663 2134 eam
687 2093 823 2148 causam,
848 2072 929 2154 quod
954 2072 1080 2155 lougius
1104 2072 1149 2134 ire
1174 2094 1237 2134 non

176 2199 293 2280 potest.
341 2195 429 2270 Quod
467 2196 550 2258 euim
585 2196 670 2259 aliud
707 2196 887 2278 exemplum
922 2196 1034 2258 melius
1058 2199 1150 2273 esset,
1176 2218 1238 2278 quo

175 2321 283 2385 verbis
318 2321 383 2383 suis
417 2320 512 2383 fidem
548 2321 688 2383 faceret?
735 2318 786 2382 Sic
817 2342 886 2382 eum
913 2320 945 2381 in
969 2320 1066 2382 satira
1090 2321 1238 2397 secunda,

176 2444 313 2509 Gracchi
343 2466 415 2507 cum
439 2444 596 2507 cornicine
621 2444 740 2526 nuptiis
765 2445 929 2521 enarratio,
955 2444 1046 2526 plura
1070 2445 1238 2526 pravitatis

176 2573 209 2633 et
246 2570 396 2652 nequitiae
435 2570 573 2632 virorum
613 2569 758 2652 exempla
796 2591 857 2632 non
897 2570 1022 2649 addere,
1065 2570 1126 2634 alio
1164 2571 1234 2633 loco

177 2695 372 2758 ostendimus
389 2691 415 2775 ¹)
449 2717 519 2758 cum
544 2695 612 2757 istis
635 2695 754 2777 nuptiis
777 2696 940 2778 tamquam
964 2695 1125 2778 fastigium
1151 2694 1239 2756 vitiis

168 2819 360 2902 'impositum
396 2842 475 2895 esse,
511 2841 611 2902 neque
647 2819 773 2883 ommno
809 2820 864 2882 illo
897 2819 965 2882 loco
987 2841 1037 2881 vv.
1064 2819 1237 2882 lta—148

179 2943 306 3007 defendi
329 2967 420 3026 posse
446 2945 631 3007 diceremus,

285 3066 468 3132 Orationem
485 3069 620 3131 strictim
638 3069 842 3150 attingamus.
879 3066 1149 3149 Interrogationes
1166 3072 1240 3129 sunt

178 3215 230 3257 vv.
255 3194 329 3269 290,
355 3195 418 3256 302
443 3193 532 3274 (nota
555 3193 682 3273 forma),
707 3194 768 3258 321
791 3193 914 3273 (eadem
931 3192 1136 3273 forma)‚‘324
1154 3162 1253 3270 (duae'

180 3317 331 3400 deinceps
338 3343 345 3389 ;
370 3340 452 3381 nova
476 3317 560 3380 enim
584 3340 718 3400 persona
742 3339 827 3380 more
851 3313 1009 3379 luvenalis
1027 3317 1130 3380 subito
1146 3317 1238 3379 indu-

179 3441 285 3522 citur).
328 3440 413 3506 Usus
437 3443 612 3525 particulae,
637 3465 707 3525 quae
732 3447 780 3505 est
801 3445 958 3524 praetcrea
981 3442 1024 3520 (v.
1050 3441 1138 3522 300),
1163 3462 1239 3504 con·

182 3565 262 3629 ferri
296 3569 402 3647 potest
428 3536 499 3630 curn
522 3565 578 3630 VI.
606 3568 678 3631 107.
724 3566 811 3630 Nota
833 3567 999 3630 verborum
1023 3566 1169 3629 iunctura
1193 3569 1243 3630 est

178 3713 209 3754 r.
245 3692 319 3755 310.
366 3691 498 3754 Duobus
530 3691 663 3776 locisin
687 3690 747 3753 hac
771 3690 869 3753 satira
893 3712 1001 3754 versus
1025 3690 1071 3753 ita
1094 3690 1240 3755 collocati

177 3869 391 3877 *-

290 3972 309 4041 ¹)
329 3973 450 4029 Grunmo
468 3975 486 4027 1.
506 3975 524 4028 1.
544 3993 590 4043 pp.
612 3975 652 4038 17,
673 3973 731 4027 109.
