2828 4612
565 305 738 368 ³17--

114 488 275 568 repugnct
308 505 399 546 nemo
433 486 520 546 vetet
544 487 584 558 (v.
611 484 697 560 627).
744 483 835 569 Adde
860 505 877 546 e
900 484 996 547 tertia
1019 505 1090 547 cum
1115 483 1177 547 alia

115 618 184 671 tum
218 607 300 672 haec:
337 607 439 671 haeres
475 610 506 670 et
541 607 668 672 dubitas
703 611 745 684 (v.
771 609 856 686 135),
892 611 980 691 optes
1007 611 1177 690 votumque

78 716 81 727 ⁸
115 735 201 795 feras
226 737 266 808 (v.
292 733 382 811 276),
404 733 551 816 dispenso
575 731 606 795 et
629 735 772 815 tempero
796 732 885 795 fflum
907 731 949 812 (v.
968 732 1054 808 287).
1091 731 1177 795 Inter
1283 730 1286 737 ⁴

120 857 261 939 pericula
296 858 405 920 mortis
441 880 565 921 annona
588 857 643 920 illa
666 857 780 920 veneni
803 857 908 920 locum
931 878 992 920 non
1016 857 1099 920 male
1123 857 1177 920 de-

114 982 227 1046 fendit.
274 980 363 1056 Quod
397 981 443 1044 ait
465 981 671 1059 Ribbeckius,
701 1003 762 1044 non
787 981 893 1044 omnia
916 1003 1037 1045 venena
1061 1003 1177 1065 magno

113 1107 217 1189 pretio
251 1110 406 1181 constare,
443 1128 510 1169 esse
547 1107 642 1169 etiam
668 1106 832 1184 vilissima,
857 1128 919 1169 uon
943 1110 991 1169 est
1015 1106 1175 1186 credibile,
1249 1134 1252 1142 ⁴

113 1231 316 1294 libidinosum
351 1231 510 1295 hominem
547 1231 743 1313 eundemque
779 1231 920 1310 divitem,
947 1231 976 1293 si
1000 1231 1177 1313 periculum

113 1359 208 1434 esset,
248 1378 287 1419 nc
326 1356 442 1438 probra
481 1356 547 1418 eius
587 1356 821 1440 detegerentur,
856 1356 995 1439 primum
1030 1357 1175 1439 quodque

113 1503 270 1543 venenum
295 1482 334 1543 ad
358 1481 520 1547 inimicum
543 1481 717 1543 tollendum
735 1480 951 1545 adhibiturum
968 1480 1076 1544 fuisse.
1110 1479 1176 1544 Ve-

113 1606 223 1668 nefioae
248 1606 386 1687 pretium
410 1605 611 1689 flagitabant,
636 1628 698 1669 nou
721 1627 814 1689 nego,
838 1606 892 1668 sed
916 1626 983 1668 rcm
1008 1606 1047 1667 ad
1070 1608 1175 1668 tutum

30 1818 33 1825 '
114 1730 234 1792 exitum
259 1731 486 1812 perducebant.
532 1729 693 1794 Praeterea
716 1752 779 1793 non
803 1733 851 1791 cst
874 1730 1086 1793 necessarium
1111 1732 1175 1792 sta-

113 1857 212 1932 tuere,
239 1852 408 1919 Naevolum
430 1878 459 1918 v.
486 1856 526 1918 99
551 1877 583 1918 se
609 1856 648 1917 ad
672 1855 808 1918 amioum
825 1857 1018 1933 convertere,
1035 1857 1071 1918 ut
1086 1854 1175 1936 quasi

113 2002 130 2042 e
148 1979 300 2042 cathedra
316 1984 478 2063 praecepta
495 1981 522 2043 ei
540 1983 571 2044 et
587 1981 708 2043 monita
727 1981 788 2058 det,
806 2002 879 2042 nam
895 1981 1002 2058 verba,
1020 2001 1090 2061 quae
1103 1981 1176 2041 sunt

115 2126 176 2166 nec
201 2108 383 2168 contemnas
407 2108 462 2168 aut
485 2105 651 2187 despicias,
676 2105 820 2168 universe
844 2105 928 2167 dicta
952 2126 1019 2167 esse
1035 2108 1175 2186 possunt.

151 2298 156 2306 Α
220 2227 369 2311 Sequitur
412 2229 572 2310 responsio
610 2233 723 2310 poetae,
765 2252 813 2292 vv.
854 2229 1174 2305 loa—119(-123).

114 2351 190 2425 Quae
215 2353 248 2413 in
271 2353 427 2434 principio
451 2353 603 2434 leguntur
626 2352 723 2415 verba
746 2374 764 2414 0
788 2351 942 2434 Corydon,
965 2337 1117 2434 Corydon,
1136 2376 1174 2415 ex

113 2476 172 2538 ecl.
198 2475 336 2560 Vergilii
361 2479 469 2538 mutua
493 2476 574 2538 sumi
599 2512 638 2520 —
663 2463 789 2539 morem
800 2477 884 2538 enim
900 2475 996 2538 fuisse
1014 2477 1175 2558 discipulis

114 2599 286 2678 rhetorum,
322 2606 357 2664 ut
391 2604 544 2684 quantum
578 2601 648 2663 fieri
682 2604 788 2683 posset
823 2603 1037 2685 coguitionem
1064 2602 1175 2684 optimi

110 2725 265 2808 cuiusque
300 2725 463 2808 scriptoris
498 2729 695 2789 ostentarent
720 2763 759 2770 -—
784 2727 848 2788 iam
871 2727 893 2788 ii
918 2727 1174 2805 observaverunt,

113 2853 169 2932 qui
193 2851 227 2914 in
249 2851 408 2915 rhetorica
431 2847 591 2914 Iuvenalis
616 2850 782 2933 disciplina
807 2852 1023 2914 adumbrandu
1046 2873 1174 2915 versan-

16 3008 20 3021 ,
114 2981 176 3055 tur,
212 2980 247 3039 ut
281 2976 476 3053 Strubeus1)
513 2976 576 3038 alii.
623 2974 737 3038 Ultimi
771 2997 880 3038 versus
916 2977 1088 3039 lla-123
1112 2998 1174 3059 quo

113 3103 207 3164 modo
241 3101 369 3185 legendi
404 3101 630 3182 disponendive
654 3099 727 3170 sint,
752 3098 937 3162 difficillima
961 3099 1093 3182 quaestio
1116 3104 1173 3165 est.
1257 3107 1258 3111 ’

113 3224 253 3308 Operam
280 3226 480 3308 studiumque
506 3225 538 3287 in
562 3246 630 3287 eam
656 3223 716 3286 viri
741 3224 834 3302 docti,
858 3247 920 3287 non
945 3225 1012 3287 sine
1035 3224 1174 3287 maxima

114 3350 318 3426 dissensione,
347 3349 556 3412 contulerunt.
604 3348 701 3431 Apud
724 3345 869 3412 Ialmium
888 3349 912 3425 2)
937 3350 983 3411 ita
1005 3349 1172 3431 leguntur:

203 3517 362 3575 vivendum
385 3518 464 3572 recte
488 3519 532 3572 est
556 3535 622 3574 cum
646 3518 769 3591 propter
792 3515 929 3589 plurima,
954 3518 1020 3572 tum
1043 3515 1090 3572 vel

202 3624 311 3682 idcirco
334 3627 369 3681 ut
392 3622 486 3697 possis
511 3622 643 3696 linguam
668 3625 854 3681 contemnere
878 3622 964 3679 servi.

225 3812 243 3879 ¹)
263 3812 294 3866 Ε.
315 3812 431 3866 Srnunn:
463 3811 504 3864 De
522 3810 659 3863 rhetorica
678 3810 819 3866 luvenalis
838 3809 996 3878 disciplina,
1018 3810 1172 3864 Brandenb.

114 3903 184 3954 1875
225 3944 230 3953 .
250 3903 274 3954 4.

204 3920 243 4057 p⁹l
258 3991 293 4054 Ο.
313 3991 394 4044 lanu:
415 3989 501 4044 Persii
520 3987 659 4043 luvenalis
679 3988 808 4058 Sulpiciae
827 3992 936 4050 saturae,
957 3988 1046 4042 Berol.
1067 3988 1145 4041 1868.

1050 4095 1066 4146 2
