2828 4612
547 280 719 342 ,41-

165 455 191 523 Ι.
218 460 296 522 151:
331 464 480 540 ingenium
504 483 559 538 par
581 462 735 521 materiae?
757 462 836 519 unde
859 462 911 519 illa
933 461 1066 537 priorum

148 588 192 655 ΙΙ.
239 593 296 656 26:
332 597 357 655 si
380 599 428 654 fur
452 597 604 672 displiceat
628 596 725 663 Verri,
750 595 894 654 homicida
917 595 1021 652 Miloni
1083 633 1086 639 -

133 722 194 788 HI.
242 727 296 789 70:
332 731 378 788 hic
393 730 506 799 Andre,
523 730 572 788 ille
588 729 685 797 Samo,
702 730 750 788 hic
766 729 914 787 Trallibus
930 732 984 786 aut
999 728 1162 786 Alabandis

152 858 191 923 V.
219 860 295 923 158:
332 865 397 940 quis
420 865 524 923 melior
546 865 682 940 plorante
705 865 797 940 gula?
821 883 891 938 ergo
915 862 1013 921 omnia
1036 862 1112 920 fiunt

135 991 192 1056 VI.
218 993 296 1058 274:
332 998 363 1055 in
386 998 512 1056 alatione
536 1018 589 1057 sua
613 1001 704 1072 atque
728 996 966 1072 exspectantibus
989 996 1069 1053 illam

157 1177 167 1202 „
216 1127 295 1189 468:
332 1131 435 1207 incipit
459 1132 586 1206 agnosci,
613 1134 702 1206 atque
725 1130 776 1188 illo
799 1132 876 1188 lacte
900 1131 1019 1188 fovetur
1117 1172 1125 1185 .

152 1258 191 1322 X.
217 1262 295 1323 281:
331 1266 477 1323 bellorum
501 1284 609 1339 pompa
633 1264 761 1321 animum
784 1264 948 1321 exhalasset
971 1263 1099 1339 opimam

118 1389 192 1457 ΧΠ.
239 1394 295 1456 36;
332 1398 471 1492 testiculi,
496 1399 569 1455 adeo
592 1398 772 1455 medicatum
795 1397 942 1473 intellegit
965 1397 1075 1471 inguen

104 1525 191 1589 XIV.
239 1526 297 1590 49:
334 1532 385 1590 sed
407 1536 566 1607 peccaturo
590 1531 688 1589 obstet
711 1531 765 1589 tibi
788 1530 865 1588 filius
889 1531 984 1588 infans

119 1658 190 1723 XV.
218 1661 295 1723 126:
332 1667 386 1724 hac
410 1666 495 1724 saevit
517 1665 598 1723 rabie
622 1666 738 1723 imbelle
761 1668 791 1723 et
814 1665 918 1722 inutile
941 1666 1062 1740 vulgus,

213 1828 303 1912 Saepe
320 1829 433 1914 igitur3
456 1830 511 1892 sed
527 1830 644 1912 ubique
661 1830 716 1906 aa,
733 1832 769 1893 ut
784 1828 903 1892 vocalis
919 1829 952 1890 in
968 1829 1052 1891 thesi
1069 1828 1167 1912 longa
1231 1903 1236 1914 ι

106 1955 156 2032 sit,
180 1976 336 2037 nusquam
359 1955 428 2036 ipsa
452 1955 557 2018 brevis
582 1958 614 2016 et
636 1954 719 2017 thesi
742 1956 867 2016 tantum
889 1955 982 2017 modo
997 1954 1164 2035 producta.

106 2077 244 2142 Necesse
280 2082 328 2142 est
361 2078 531 2142 lectionem
565 2081 733 2142 mutemus.
779 2076 906 2160 Optime
938 2079 972 2140 id
995 2078 1064 2140 fieri
1087 2076 1167 2140 mihi

107 2204 241 2281 videtur,
276 2202 303 2265 si
338 2225 410 2266 curn
444 2202 668 2291 Doederleinio
697 2208 768 2285 post
792 2205 846 2266 aut
868 2201 1070 2284 particulam,
1096 2224 1167 2284 quae

109 2330 156 2389 est
190 2327 251 2405 vel,
286 2327 472 2389 inseramus,
519 2325 570 2389 Sic
594 2327 799 2408 amplificatio
823 2327 969 2408 quaedam
992 2330 1040 2388 est
1063 2327 1095 2388 in
1118 2326 1168 2389 his

110 2450 228 2513 verbis:
265 2472 461 2532 supervacua
496 2454 551 2512 aut
579 2451 630 2513 vel
653 2450 839 2533 perniciosa.
889 2450 995 2533 Atque
1019 2450 1051 2513 in
1075 2473 1168 2513 versu

109 2574 255 2657 sequenti
291 2574 402 2637 irridet
435 2578 531 2656 poeta
561 2575 730 2638 stultitiam
753 2597 870 2651 eorum,
894 2575 1039 2657 quitum
1063 2574 1169 2656 pravis

108 2699 257 2781 precibus
281 2700 355 2762 deos
379 2698 525 2783 fatigent.
539 2710 554 2721 ’“

214 2823 244 2886 Α
268 2847 297 2887 v.
323 2825 364 2887 56
389 2824 567 2907 disquisitio
590 2824 703 2906 incipit
727 2825 765 2887 de
789 2824 911 2888 lubrica
934 2824 991 2887 illa
1007 2828 1039 2887 et
1055 2824 1169 2906 praeci-

110 2948 169 3029 piti
204 2949 265 3025 via,
301 2971 371 3031 quae
407 2971 492 3032 saepe
528 2949 567 3012 ad
602 2971 757 3013 summam
780 2949 965 3031 potentiam,
990 2949 1105 3030 saepius
1130 2949 1170 3011 ad

111 3093 266 3135 summam
299 3074 462 3137 miseriam
497 3074 593 3138 ducit.
641 3074 747 3158 Atque
776 3075 988 3137 confitendum
1012 3079 1060 3137 est
1083 3096 1168 3149 sane,
1270 3081 1271 3084 ’

111 3196 138 3259 si
170 3195 238 3259 haec
272 3198 378 3261 satirae
414 3220 488 3280 pars
522 3200 561 3263 ab
596 3199 756 3262 imitatore
791 3196 951 3262 luvenalis
976 3199 1169 3280 scriptasit,

110 3323 174 3382 tam
211 3342 309 3402 prope
331 3322 523 3385 imitatorem
546 3324 587 3386 ad
610 3323 790 3406 exemplum
812 3345 904 3387 suum
928 3324 1107 3398 accessisse,
1133 3327 1169 3385 ut

112 3445 292 3508 diflerentia
326 3445 394 3509 fere
428 3446 515 3509 nulla
538 3447 588 3511 sit.
636 3445 797 3530 imprimis
820 3447 879 3511 hoc
904 3449 941 3511 de
965 3471 1015 3511 vv.
1041 3448 1170 3511 56—90

111 3570 206 3648 valet,
231 3569 286 3633 ubi
308 3591 393 3633 mors
417 3568 524 3634 Seiani
539 3593 657 3656 magna
673 3576 741 3636 arte
758 3574 1031 3636 commemoratur.
1067 3569 1170 3654 Quid?

112 3692 184 3758 Non
219 3693 325 3758 Bauer
358 3697 498 3761 statuere
521 3696 610 3776 vult‚.
624 3694 807 3761 Iuvenalem
831 3697 896 3760 iam
919 3696 1171 3795 Tiberio'impe-

112 3822 203 3882 rante
238 3818 365 3899 vixisse,
400 3822 440 3885 ob
475 3843 546 3884 eam
577 3842 713 3896 causam,
738 3823 830 3906 quod,
854 3822 916 3885 nisi
939 3825 1007 3885 tum
1030 3822 1171 3899 vixisset,

112 3941 160 4004 ite
185 3943 223 4006 de
246 3947 349 4007 morte
374 3942 480 4008 Seiani
503 3946 642 4011 scribere
665 3968 728 4011 non
750 3947 924 4029 potuisset?
