2828 4612
693 311 865 375 ..34-

355 493 473 552 Atticus
498 493 601 552 eximie
624 493 648 551 si
672 497 767 564 cenat,
791 494 892 552 lautus
916 494 1052 562 habetur,

250 656 253 662 .
355 600 379 659 si
402 601 531 670 Rutilus,
557 601 685 659 demens.
731 599 808 669 Quid
831 600 909 657 enim
931 600 1042 658 maiore
1066 601 1207 659 cachinno

356 707 503 782 excipitur
527 707 609 784 vulgi
634 727 723 782 quam
747 726 860 782 pauper
883 706 1025 782 Apicius?

249 859 461 946 interrogatio
496 861 552 924 illa
575 862 739 925 confirmat
764 883 810 940 ea,
835 884 905 944 quae
929 863 1130 940 antecedunt,
1155 863 1243 925 etin
1266 864 1309 926 iis

249 991 344 1071 poeta
368 987 515 1072 ostendit,
540 986 616 1068 quid
640 986 701 1050 sibi
727 989 865 1050 tractare
893 987 1103 1070 proposuerit.
1142 985 1309 1050 Addamus

250 1113 317 1176 eius
339 1111 424 1175 modi
447 1110 721 1194 interrogationes,
747 1133 764 1173 a
788 1111 893 1174 verbis
914 1111 990 1194 quid
1006 1111 1090 1174 enim
1106 1111 1308 1193 incipientes

250 1236 328 1299 adeo
363 1234 495 1298 usitatas
531 1235 615 1316 apud
650 1231 833 1298 Iuvenalem
868 1257 946 1314 esse,
971 1241 1006 1298 ut
1029 1237 1096 1299 eius
1119 1236 1209 1319 quasi
1233 1259 1309 1319 pro·

250 1360 354 1442 prium
390 1360 516 1442 aliquod
548 1360 618 1422 iure
655 1359 718 1423 dici
752 1359 883 1441 possint.
936 1359 1076 1423 Produnt
1109 1360 1307 1442 scriptorem,

150 1575 152 1579 7
250 1485 419 1566 disciplina
446 1489 478 1547 et
501 1485 671 1567 praeceptis
695 1484 858 1547 rhetorum
880 1485 1048 1562 imbutum,
1072 1507 1145 1546 nam
1170 1489 1204 1547 ut
1234 1484 1309 1547 rhe-

250 1612 335 1672 tores
370 1609 539 1692 discipulos
574 1609 748 1672 orationem
781 1609 905 1672 variare
941 1613 972 1672 et
1006 1613 1139 1685 mutare,
1174 1609 1219 1671 sic
1255 1631 1309 1672 eos

250 1733 345 1797 certis
368 1755 491 1816 quoque
515 1732 627 1817 figuris
652 1734 808 1816 certisque
832 1734 1001 1796 verborum
1029 1733 1310 1815 compositionibus

250 1859 423 1921 orationem
449 1859 644 1943 distinguere
656 1859 833 1935 docebant,
858 1880 919 1941 quo
935 1857 1055 1920 factum
1071 1861 1129 1937 est,
1145 1862 1181 1920 ut
1197 1858 1309 1922 eadem

249 1984 348 2047 verba
381 1983 497 2064 saepius
531 2004 626 2065 qnam
660 2005 719 2065 par
754 1986 836 2046 esset
870 1963 1098 2065 repeterentur.
1145 1983 1246 2046 Multa
1275 1983 1309 2046 id

250 2129 352 2191 genus
381 2107 525 2191 exempla
549 2107 632 2189 apud
657 2104 839 2170 Iuvenalem
863 2107 1022 2190 leguntur,
1047 2129 1109 2190 quo
1133 2108 1165 2170 in
1190 2129 1311 2190 genere

250 2233 347 2296 etiam
381 2232 589 2316 interrogatio
623 2231 679 2294 illa
713 2215 871 2294 rhetorica
897 2231 1087 2294 nominanda
1111 2236 1168 2309 est,
1193 2254 1264 2313 quae
1290 2255 1312 2294 a

250 2359 355 2422 verbis
390 2358 466 2439 quid
489 2357 583 2434 enim,
608 2356 677 2437 quis
702 2357 796 2434 enim,
819 2355 984 2437 incipienS‚
1009 2376 1140 2436 eaquae
1165 2360 1311 2418 anteces-

249 2486 358 2546 serunt
391 2486 457 2544 tam
480 2480 649 2544 manifesto
673 2472 847 2558 confirmat,
872 2483 907 2543 ut
929 2479 1029 2543 omnis
1054 2481 1192 2563 negandi
1216 2481 1311 2563 copia

250 2607 451 2670 excludatur.
490 2604 553 2669 cfr.
580 2602 605 2668 I.
631 2605 683 2679 48,
708 2601 750 2666 ΙΙ.
777 2605 828 2680 65,
852 2602 908 2667 VI.
936 2605 1009 2682 196,
1034 2606 1108 2682 300,
1134 2605 1207 2682 568,
1232 2601 1311 2668 VH.

169 2734 175 2741 “
251 2734 326 2811 158,
354 2732 414 2795 199
440 2734 499 2793 cet.

356 2857 399 2920 Et
432 2855 580 2939 quoniam
614 2876 717 2917 sermo
751 2853 784 2916 in
815 2852 1004 2916 rhetoricam
1030 2852 1186 2916 luvenalis
1211 2853 1311 2916 disci-

250 2981 371 3065 plinam
393 2980 514 3057 incidit,
539 2978 631 3042 adv.
657 2979 697 3040 12
721 2976 885 3060 paululum
906 2983 1076 3042 moremur.
1115 2977 1311 3058 Exemplum

251 3105 298 3168 est
323 3103 587 3186 amplificationis
611 3087 714 3184 qualis
738 3101 917 3165 rhetoribus
940 3103 1114 3184 saepissime
1135 3103 1310 3166 usuvenit.

251 3229 302 3294 Sic
326 3229 422 3293 etiam
446 3228 527 3310 apud
552 3225 734 3291 Iuvenalem
758 3249 820 3290 non
836 3249 907 3290 raro
924 3227 1093 3291 adhibetur
1108 3228 1140 3289 in
1161 3228 1312 3291 omnibus

250 3354 382 3438 satiris·
402 3355 433 3416 et
456 3353 489 3414 in
512 3352 561 3430 iis,
584 3373 663 3434 quas
687 3374 855 3436 germanas
879 3351 1075 3416 Ribbeclxius
1101 3352 1251 3434 appellat,
1277 3359 1313 3416 et

250 3479 282 3541 in
317 3478 366 3555 iia,
402 3463 479 3559 quas
515 3476 756 3540 exercitationes
792 3476 1030 3539 declamatoriae
1054 3475 1195 3539 redolere
1220 3477 1312 3542 dicit.

250 3603 319 3667 Hoc
354 3611 460 3664 tamen
495 3608 561 3665 loco
595 3624 694 3684 parva
729 3605 760 3665 et
796 3601 912 3686 exigua
944 3604 1001 3678 est,
1025 3601 1125 3663 maior
1149 3603 1182 3663 et
1204 3603 1312 3685 magis
1370 3676 1373 3682 Ι

251 3728 413 3790 elaborata
447 3727 479 3788 in
514 3727 552 3790 iis
588 3726 741 3809 exemplis
774 3748 790 3789 e
820 3726 925 3788 satiris
948 3721 981 3787 Π
1004 3728 1035 3787 et
1057 3722 1312 3807 VIII-sumplis,

249 3873 318 3934 quae
342 3872 437 3933 supra
460 3851 633 3915 attulimus,
678 3851 774 3913 Aliud
799 3849 977 3930 exemplum
1002 3848 1208 3910 institutionis
1232 3848 1312 3913 rhe-

249 3975 357 4038 toricae
383 3979 430 4038 est
452 3999 481 4039 v.
506 3977 564 4041 43:
