3062 4808
625 393 844 458 --131-v
920 421 921 426 κ

299 594 368 632 nam
392 574 524 650 quisquis
548 573 648 650 magni
671 593 774 634 census
797 575 939 650 praecepit
963 595 1092 634 amorem

300 685 330 739 et
351 682 427 740 laevo
450 682 566 740 monitu
588 699 695 768 pueros
718 681 858 756 producit
881 701 999 740 avaros:
1089 733 1094 744 .

299 807 382 862 aeque
405 807 459 863 per
481 788 600 846 fraudes
623 788 802 863 patrimonia
826 789 1034 864 conduplicare

299 896 351 952 dat
373 895 541 954 libertatem
566 897 595 952 et
618 898 697 953 totas
721 895 846 952 effundit
869 891 997 953 habenas

180 1057 184 1065 ,
204 1063 205 1066 ,
299 1001 448 1060 curriculo

191 1154 250 1219 hoc
275 1159 332 1234 est,
355 1156 468 1238 inquit,
492 1155 624 1219 libertas
649 1155 742 1220 datur
763 1156 929 1220 fraudibus
947 1179 1046 1240 aeque,
1064 1180 1141 1240 quas
1157 1163 1250 1242 pater

191 1301 255 1370 nop
278 1281 399 1358 suadet,
421 1302 457 1344 ec
473 1280 644 1344 levioribus
661 1280 795 1360 delictis,
812 1303 882 1363 quse
899 1285 991 1364 pater
1006 1284 1130 1364 probet,
1147 1284 1249 1366 patri-

67 1439 70 1443 ·
190 1399 304 1468 monia⁴
320 1405 573 1486 conduplicandi.
613 1403 664 1468 Sic
687 1404 749 1468 hos'
769 1427 877 1482 versus
902 1406 1034 1470 eandem
1058 1407 1249 1472 sententiam

192 1533 286 1612 atque
314 1515 371 1592 ¹rr.
408 1531 581 1594 235-238
616 1528 735 1594 habere
759 1529 846 1608 dicit,
870 1513 1051 1613 similesque
1075 1522 1249 1596 sententias

191 1653 285 1717 simili
309 1655 431 1718 ratione
457 1654 624 1737 dispositas
648 1675 715 1718 esse
741 1677 776 1718 ac
801 1655 993 1737 dispertitas,

296 1777 492 1842 Ribbeekius
511 1779 535 1861 1)
558 1777 705 1842 lahnium
728 1778 847 1858 laudat,
872 1780 954 1862 quod
970 1802 1000 1843 v.
1019 1781 1081 1845 229
1100 1781 1248 1844 cancellis

190 1902 483 1986 circumscripserit,
524 1925 595 1966 cum
632 1903 686 1967 ille
708 1885 843 1982 uersus,
883 1904 948 1968 sive
985 1907 1248 1970 constructionem

153 2027 155 2032 ’
190 2029 358 2116 ῐθῐὺοτυη]
397 2028 602 2112 respiciamus
641 2029 706 2092 sive
746 2029 937 2092 sententiam
971 2029 1083 2112 ipsam,
1118 2031 1248 2095 tolerari

189 2174 252 2215 non
274 2153 383 2234 possit.
489 2148 492 2156 ¹

295 2249 476 2358 Kiaerius2)
510 2300 540 2340 v.
577 2278 640 2341 229
676 2298 737 2340 non
772 2278 903 2360 respuit,
939 2278 994 2340 sed
1022 2277 1247 2342 eohaerentiam

118 2397 152 2480 Ἰ
189 2401 419 2464 sententiarum
444 2400 505 2464 alio
528 2401 619 2464 modo
644 2401 794 2470 defendit.
834 2401 1028 2465 Particulam
1053 2407 1085 2466 et
1108 2391 1153 2485 (v.¹
1169 2406 1246 2486 228)
1347 2493 1349 2496 Ι

188 2526 273 2589 idem
311 2525 493 2610 significare
528 2528 688 2588 asseverat
723 2528 826 2608 atque
852 2525 959 2603 etiam,
994 2527 1247 2615 sententiamque

188 2649 249 2713 loci
265 2649 347 2713 hanc
365 2672 431 2714 esse
449 2651 658 2713 demonstrat:
684 2649 825 2733 quisquis
841 2650 995 2733 praecepit
1011 2651 1118 2734 magni
1136 2673 1247 2715 census

189 2775 346 2852 amorem,¹
361 2775 507 2857 producit
530 2774 627 2837 etiam
649 2797 763 2857 pueros
788 2797 914 2852 avar0s3
947 2778 978 2839 et
1002 2776 1056 2857 qui
1079 2798 1137 2858 per
1159 2777 1246 2839 frau-

146 2959 151 2972 ,
189 2899 243 2962 des
282 2898 473 2982 patrimonia
512 2898 732 2981 conduplicare
771 2867 935 2982 praecepit,
971 2900 1026 2962 dat
1063 2899 1246 2965 libertatem

189 3023 353 3087 curriculo.

293 3147 424 3212 Nemini
459 3169 566 3212 eorum
603 3147 738 3232 contigit
772 3151 817 3226 ut,
854 3170 916 3230 quo
944 3149 1144 3212 referendum
1168 3150 1246 3213 illud

189 3296 280 3356 quem
306 3273 347 3354 (v.
374 3272 451 3355 231)
475 3277 567 3352 esset,
589 3273 665 3336 satis
683 3273 819 3336 dilucide
837 3273 1077 3336 demonstraret.
1112 3272 1153 3336 V.
1171 3276 1245 3354 229,

188 3398 243 3482 qui
278 3397 374 3460 etiam
408 3399 442 3460 in
466 3399 531 3462 cod.
557 3396 592 3460 P.
618 3400 676 3473 est,
700 3397 831 3460 retineri
855 3400 968 3480 potest,
993 3399 1050 3460 sed
1073 3397 1158 3461 haud
1182 3399 1246 3462 scio

189 3545 228 3586 an
262 3521 376 3585 lacuna
410 3525 481 3605 post
516 3544 587 3585 eum
623 3522 791 3584 statuenda
825 3522 876 3585 sit.
924 3518 962 3584 In
997 3543 1033 3585 eo
1063 3543 1166 3600 versu,
1191 3522 1246 3603 qui

189 3647 315 3726 excidit,
350 3647 483 3710 verbum
518 3646 645 3728 aliquod
679 3645 776 3708 fuisse
800 3646 867 3709 veri
891 3646 993 3709 simile
1018 3650 1075 3726 est,
1100 3647 1139 3708 ad
1163 3646 1246 3728 quod

187 3772 266 3836 illud
302 3793 395 3854 quem
429 3771 613 3834 referretur.
647 3767 750 3834 ¹Idem
774 3774 821 3834 est
844 3771 995 3834 iudicium
1019 3769 1167 3850 Sohund,
1192 3771 1246 3853 qui

298 3983 317 4052 ¹)
337 3985 456 4038 annncn
476 3984 493 4037 l.
514 3984 532 4037 l.
551 4001 578 4052 p.
597 3984 640 4036 46.

297 4071 316 4140 ⁹)
337 4073 413 4126 Krmn
432 4074 450 4128 l.
471 4075 489 4126 l.
509 4093 554 4142 pp.
574 4074 687 4126 67-69.
