2828 4612
579 296 791 366 .-6Ο-

172 468 241 534 haeo
280 473 344 535 tam
385 472 557 556 magnifica
596 495 666 536 curn
705 473 791 537 nullo
826 472 889 537 alio
922 472 992 535 looo
1027 468 1242 535 Iuvenalium

94 590 97 599 '
171 614 332 677 comparo,
367 596 428 659 nisi
464 618 535 659 oum
565 619 613 673 eo,
637 598 692 680 qui
716 601 764 660 est
787 598 820 660 in
843 597 954 680 quinto
978 595 1106 659 decima
1130 594 1240 667 satiro,

171 719 226 784 ubi
260 723 356 802 poeto
391 721 430 783 de
465 723 574 783 mutuo
609 721 664 784 illo
700 744 815 799 arnore,
839 720 894 804 qui
918 720 1030 804 generi
1053 718 1201 783 humano
1223 740 1243 781 11

172 844 233 906 diis
256 844 349 908 dotus
374 849 432 922 est,
456 845 608 928 loquitur.
655 845 743 909 Finit
765 845 928 929 epilogum
950 844 1001 907 his
1023 844 1193 907 versibus:

301 1020 417 1076 nulluni
441 1039 549 1076 nurnen
573 1020 672 1085 hales,
697 1019 721 1077 si
744 1019 783 1077 sit
806 1019 979 1094 punientia:
1005 1037 1059 1076 nos
1083 1020 1128 1087 te,

304 1144 356 1183 nos
381 1126 515 1195 faoinruS,
540 1126 683 1193 Fortuna,
709 1126 794 1183 deam
817 1127 947 1200 oteloque
970 1126 1108 1183 locamus

279 1287 484 1351 Heinrichins
507 1289 686 1365 lectionem,
711 1311 781 1371 qino
799 1291 847 1351 est
863 1289 962 1363 obest,
979 1286 1133 1369 praefert:
1159 1282 1244 1349 male

134 1432 140 1445 ·
173 1413 258 1475 enirn
293 1413 371 1476 illud
407 1412 507 1477 habes
543 1414 635 1475 donin
671 1413 838 1494 respicere,
874 1433 943 1493 quae
968 1432 1031 1471 non
1055 1410 1246 1473 nominetur

172 1536 234 1599 nisi
268 1537 301 1599 in
337 1539 482 1619 proximo
504 1559 609 1601 versu.
656 1538 699 1599 At
722 1536 801 1599 illud
825 1535 923 1600 hobes
946 1556 1009 1597 non
1032 1534 1181 1616 pertinet
1205 1533 1244 1597 nd

173 1659 364 1736 Fortunnni;
402 1664 494 1742 poeto
529 1660 613 1723 enirn
646 1682 678 1723 se
715 1661 870 1723 convertit
895 1659 935 1722 nd
959 1682 1012 1721 eos
1036 1659 1093 1742 qui
1117 1659 1245 1743 legunt.

173 1784 225 1847 Sic
261 1786 362 1848 altero
397 1785 565 1847 difficultas
601 1786 642 1847 nb
666 1784 853 1848 Hoinriehio
876 1783 1027 1860 indicata,
1050 1783 1156 1847 latine
1181 1804 1244 1847 non

174 1909 247 1986 dici,
285 1910 377 1971 deun}
413 1931 530 1971 ninnon
564 1908 693 1983 habere,
728 1908 860 1972 tollitur.
908 1906 998 1982 Quod
1027 1906 1108 1971 dicit
1133 1928 1245 1972 versus

173 2032 257 2095 inter
281 2055 314 2095 so
338 2033 420 2095 rnnlo
445 2054 630 2116 congruere,
655 2033 687 2095 id
711 2054 772 2095 non
796 2034 912 2115 probo;
936 2055 992 2095 nos
1016 2032 1104 2095 enim
1127 2031 1245 2096 Fortu·

173 2180 247 2220 nam
283 2158 374 2220 deam
406 2157 549 2233 fnoimnn,
574 2157 649 2239 quia
673 2158 763 2220 abest
785 2156 964 2239 prinlentin.
1012 2153 1175 2220 Weidner
1198 2156 1246 2220 le·

175 2283 314 2346 ctionem
338 2282 454 2346 codicis
471 2280 506 2345 P.
525 2282 624 2359 abest,
648 2303 708 2344 non
727 2280 836 2358 habeo,
854 2302 920 2344 esse
938 2280 1120 2344 contendit:
1148 2282 1245 2357 errat,

78 2415 81 2421 ’
173 2406 269 2469 lectio
295 2406 412 2469 codicis
437 2409 485 2468 ost
508 2404 607 2468 habes
626 2404 660 2485 ¹).

286 2633 304 2701 ¹)
324 2636 355 2687 R.
378 2636 464 2687 Bnnn:
493 2633 564 2701 Spic.
584 2632 707 2685 Iuventi.
727 2650 752 2700 p.
774 2633 815 2685 76.
