2828 4612
619 290 790 353 ηρ-.

174 468 344 551 magnifico
380 471 534 550 apparatu
571 469 733 549 comparat
756 468 837 549 quod
862 467 928 550 ipse
953 465 1050 531 habet
1073 466 1119 547 (1.
1145 469 1237 549 131).

175 590 411 674 Supellectilem
434 592 611 673 simplicem
635 614 702 655 esse
727 592 904 669 confitetur,
928 614 1035 655 servos
1057 614 1179 675 paucos
1202 597 1235 657 et

174 717 325 780 indoctos.
375 716 537 779 Laudandi
571 717 727 799 imprimis
762 717 823 779 duo
852 716 900 779 illi
922 738 1031 780 versus
1055 721 1131 779 sunt
1153 717 1233 799 (152

178 842 312 922 —153)‚
347 841 401 923 qui
436 841 519 903 inter
548 844 678 916 eeteros,
703 842 846 923 quamvis
871 842 968 905 bonos
986 844 1023 904 et
1045 841 1237 921 laudabiles,

174 965 268 1049 longe
293 966 442 1027 eminent.

281 1088 416 1152 Omnino
440 1093 534 1171 poeta
558 1091 588 1152 iu
613 1089 672 1152 hnc
697 1094 787 1172 parte
807 1091 912 1153 satirae
929 1090 1236 1175 interrogationibus

175 1213 324 1291 abstinet,
348 1236 451 1296 neque
476 1214 720 1277 exclamationes
745 1215 864 1278 crebrae
880 1218 963 1278 sunt.
999 1213 1057 1278 Vis
1073 1214 1235 1280 rhetorica

174 1361 235 1402 non
260 1341 350 1401 tanta
374 1342 422 1401 est
444 1340 478 1402 in
505 1340 602 1401 satira
626 1339 803 1414 undecima,
828 1361 867 1401 ne
891 1340 1069 1403 necessaria
1093 1341 1234 1423 quidem.

174 1462 247 1526 Non
270 1463 332 1535 hic,
356 1463 404 1526 ira
429 1466 461 1527 et
484 1464 553 1525 odio
577 1464 734 1540 incensus,
759 1463 900 1527 fricinora
923 1486 987 1527 snae
1008 1465 1113 1528 aetatis
1129 1464 1235 1529 homi-

173 1611 249 1651 num
272 1592 367 1671 poeta
390 1589 535 1671 castigat.
582 1587 701 1650 Tamen
725 1588 933 1671 interrogatio
956 1591 1004 1651 est
1026 1611 1056 1652 1.
1083 1591 1157 1668 162,
1182 1590 1232 1653 cui

173 1713 381 1795 respondetur
414 1735 443 1774 1.
474 1713 545 1774 171.
594 1711 761 1774 Simillinra
786 1734 822 1775 ea
845 1712 1053 1796 interrogatio
1077 1717 1136 1789 est.¹
1162 1736 1234 1796 quae

173 1860 244 1900 cum
268 1858 420 1919 responso
444 1836 561 1919 legitur
584 1835 625 1899 V.
652 1836 835 1899 roo-157.

280 1961 349 2023 Hac
373 1961 463 2022 linita
487 1961 698 2042 descriptione
722 1963 817 2042 poeta
840 1984 869 2024 1.
896 1962 958 2024 183
983 1962 1066 2024 redit
1089 1962 1129 2025 ad
1149 1984 1236 2043 eam,

173 2107 269 2167 quam
292 2085 323 2147 in
349 2084 439 2146 initio
463 2084 525 2163 (11.
552 2087 592 2146 56
609 2084 691 2167 sqq.)
708 2085 880 2166 proposuit,
897 2085 1129 2155 invitationem.
1171 2086 1235 2150 Hic

173 2210 293 2273 reditus
328 2210 368 2271 ad
404 2209 610 2291 propositum,
635 2209 689 2291 qui
712 2212 851 2283 vocatur,
876 2208 1026 2272 hocloco
1050 2212 1236 2292 perparti·

173 2335 260 2398 dulas
284 2335 338 2397 sed
361 2355 444 2397 nunc
468 2334 642 2398 inducitur:
668 2333 888 2417 Bergmueller
911 2332 970 2397 hoc
994 2335 1176 2417 exemplum
1198 2336 1234 2398 in

173 2463 279 2522 cetera
303 2459 442 2521 eiusdem
466 2458 575 2520 formae
592 2457 768 2533 rhetoricae,
786 2480 857 2541 quae
874 2460 1040 2521 enumerat
1055 2457 1089 2540 ¹),
1111 2459 1235 2523 referre

173 2583 290 2647 debuit.
337 2580 419 2644 Nam
455 2605 485 2646 1.
522 2585 584 2645 183
608 2583 707 2645 oratio
731 2583 780 2645 his
804 2583 968 2664 particulis
993 2605 1029 2646 eo
1053 2587 1233 2661 revocatur,

171 2709 254 2770 unde
290 2707 470 2770 declinavit.
517 2705 577 2770 Vv.
614 2707 785 2770 183-208
810 2706 929 2769 nullam
952 2706 1073 2770 habent
1097 2708 1237 2771 difficul-

172 2836 271 2894 tatem
305 2833 422 2912 praeter
457 2831 602 2893 lacunam
637 2829 735 2908 illam,
772 2852 841 2912 quae
878 2852 944 2893 esse
969 2831 1084 2894 dicitur
1107 2835 1180 2914 post
1202 2855 1235 2896 1.

173 2958 246 3037 196,
272 2957 310 3019 ad
335 2978 427 3038 quam
452 2956 536 3019 infra
559 2956 742 3019 redibimus.

278 3079 330 3144 Ad
374 3103 424 3143 11.
472 3081 513 3144 86
560 3102 628 3163 sqq.
698 3079 835 3143 Kiaerius
882 3081 1012 3143 adnotat
1027 3078 1064 3161 2),
1110 3103 1238 3160 versus,

172 3205 226 3288 qui
249 3208 338 3268 sunt:

192 3380 243 3437 90.
279 3398 346 3437 cnm
369 3382 530 3436 tremerent
554 3382 653 3436 autem
676 3379 783 3436 Fabios
808 3379 974 3453 durumque
999 3377 1141 3437 Catonem

277 3489 307 3543 et
331 3485 456 3543 Scauros
482 3489 511 3543 ct
534 3485 683 3542 Fabricios
707 3485 854 3561 rigidique
878 3503 994 3542 severos

278 3592 404 3650 censoris
427 3611 522 3649 mores
546 3592 635 3649 ctiam
660 3592 772 3667 collega
795 3593 913 3649 timeret
1017 3650 1020 3654 Δ

170 3765 382 3774 »-----.

281 3878 299 3945 ¹)
320 3880 499 3931 Burunitanus
518 3878 536 3930 l.
556 3878 575 3930 l.
595 3896 639 3946 pp.
658 3878 773 3929 44-45.

280 3965 300 4033 ²)
320 3968 397 4019 Knan
416 3966 434 4019 l.
455 3967 472 4019 l.
492 3985 537 4035 pp.
557 3967 591 4019 94
610 3985 669 4034 sqq.
