2828 4612
625 285 799 349 ,36-

174 462 309 527 relatum
340 463 397 540 sit3
434 485 613 527 sermonem
637 483 704 526 esse
729 463 767 525 de
791 463 830 526 iis
853 464 995 542 urbibus,
1019 485 1089 546 quae
1114 464 1240 528 duobus

175 587 373 671 philosophis
397 593 479 651 notae
504 590 618 664 essent,
642 609 734 650 nemo
757 609 821 650 non
844 587 1014 672 intellegit.

282 711 480 776 Ribbechius
503 715 630 795 poetam
653 711 858 795 reprehendit
875 711 907 793 ¹),
931 712 1013 795 quod
1037 735 1087 777 vr.
1105 713 1239 778 28—32

175 836 308 898 nimiam
327 834 571 899 similitudinem
594 835 735 899 habeant
757 858 829 900 cunr
851 836 921 900 loco
944 837 1082 919 quodam
1105 837 1139 900 in
1155 838 1238 900 scri-

172 960 238 1043 ptis
261 958 400 1024 Senecae.
436 957 618 1024 Iuvenalem
641 982 715 1024 vero
736 982 954 1045 saepenumero
977 961 1083 1025 verbis
1107 965 1139 1025 et
1162 983 1240 1026 sen-

175 1085 285 1147 tentiis
320 1085 377 1163 uti,
412 1106 482 1167 quae
518 1085 558 1148 ab
594 1084 665 1148 aliis
688 1087 849 1148 mutuatus
874 1107 941 1148 esse
965 1086 1100 1163 videtur,
1126 1089 1242 1149 notum

175 1211 233 1272 est.
280 1207 364 1272 Satis
396 1210 429 1272 id
452 1208 702 1287 illustraverunt,
727 1210 781 1292 qui
804 1210 838 1272 in
862 1231 900 1273 ea
923 1210 1095 1292 quaestione
1120 1209 1240 1274 diiudi-

177 1335 277 1398 canda
300 1334 418 1397 versati
441 1337 515 1396 sunt
529 1332 565 1409 ²).

280 1457 320 1522 V.
357 1459 398 1522 37
436 1481 454 1521 a
480 1458 635 1541 Rupertio
659 1457 804 1522 damnari
827 1459 1003 1537 referimus
1029 1480 1101 1522 cum
1123 1459 1150 1522 is
1174 1457 1241 1523 hoc

175 1584 246 1647 loco
272 1584 310 1647 de
333 1605 452 1666 pompa
473 1582 660 1666 triumphati
685 1582 821 1647 consulis
845 1584 900 1667 agi
924 1586 1066 1661 censeat;
1102 1606 1136 1647 re
1160 1607 1241 1648 vera

176 1731 239 1772 non
269 1709 307 1770 de
332 1707 458 1771 consule
482 1709 537 1771 sed
562 1709 599 1771 de
623 1712 760 1792 praetore
784 1729 887 1771 sermo
910 1711 968 1785 est,
992 1730 1094 1791 neque
1117 1730 1241 1791 pompa

174 1832 380 1915 triumphalis
419 1833 474 1895 sed
512 1854 629 1915 pompa
668 1832 819 1896 circensis
857 1832 1043 1915 respicitur;
1083 1832 1239 1897 credibile

175 1957 260 2020 enim
295 1957 348 2021 vix
383 1960 440 2033 est,
477 1954 659 2021 Iuvenalem
690 1978 761 2019 cum
783 1957 903 2020 victore
928 1956 1055 2020 consule
1080 1957 1238 2038 cavillari,

174 2082 230 2144 sed
263 2103 412 2164 pompam
446 2081 619 2144 circensem
653 2080 808 2163 praetoris
842 2103 912 2163 quae
936 2081 1045 2145 odiosa
1068 2085 1139 2145 erat
1161 2105 1238 2165 spe-

176 2206 337 2269 ctantibus
373 2203 451 2281 (cfr.
476 2204 699 2268 Heinrichium
723 2205 866 2281 ahl.)
890 2205 1021 2269 irridere
1045 2207 1159 2288 potuit.
1193 2205 1239 2270 V.

176 2331 216 2394 37
245 2330 346 2414 igitur
379 2352 443 2393 non
463 2330 662 2411 damnandus
687 2333 743 2393 est.
790 2329 850 2394 Vr.
876 2331 1005 2393 41-42
1029 2330 1241 2414 parenthesin

175 2454 325 2533 efficiunt,
349 2458 385 2516 ut
408 2453 505 2516 etiam
529 2454 599 2516 aliis
622 2454 698 2517 locis
722 2455 755 2517 in
778 2454 894 2518 satiris,
934 2454 1013 2518 Com
1037 2477 1073 2518 eo
1089 2455 1239 2538 exemplo

175 2578 208 2642 id
232 2579 430 2662 potissimum
462 2578 616 2657 conferas
640 2579 724 2661 quod
749 2581 796 2642 est
818 2577 860 2643 V.
886 2579 1026 2658 64-65,
1049 2581 1115 2658 ubi,
1139 2601 1239 2662 quem

175 2703 365 2767 admodum
389 2702 451 2780 hic,
477 2725 607 2785 eaquae
632 2703 816 2786 praecedunt
839 2703 1081 2768 confirmantur:

284 2869 393 2944 quippe
416 2868 591 2944 indignatur
613 2868 706 2926 veteri
728 2888 833 2944 parere
858 2869 957 2927 clienti

281 2976 419 3050 qnodque
443 2974 556 3050 aliquid
578 2993 681 3050 poscas
704 2978 735 3033 et
758 2975 837 3049 quod
860 2995 890 3034 se
914 2979 1011 3034 stante
1034 2977 1191 3036 recumbas

174 3138 296 3203 Eodem
319 3139 411 3203 modo
434 3138 588 3221 scriptum
612 3141 660 3201 est
682 3135 772 3202 XIII.
798 3141 945 3203 26-27:

279 3304 340 3362 rari
363 3304 472 3379 quippe
494 3305 574 3374 boni,
599 3323 722 3362 numero
746 3305 795 3363 vix
817 3308 888 3363 sunt
910 3306 1034 3362 totidem
1059 3298 1147 3379 quot¹

280 3411 449 3469 Thebarum
472 3414 565 3486 portae
590 3412 637 3470 vel
661 3410 760 3470 divitis
784 3412 859 3471 ostia
883 3411 945 3469 Nili

280 3570 368 3636 Inter
402 3595 449 3650 ea,
482 3595 552 3657 quae
576 3574 637 3638 hac
661 3575 694 3637 in
716 3575 815 3638 satira
838 3573 1035 3638 Ribbechius
1059 3575 1239 3660 vituperat,

174 3698 272 3761 etiam
296 3700 345 3760 est
367 3721 397 3761 v.
422 3699 482 3762 46:

286 3873 305 3942 ¹)
325 3876 444 3929 Itmnaca
464 3876 482 3928 l.
502 3875 520 3928 l.
539 3894 565 3944 p.
586 3876 628 3929 20.

285 3963 304 4031 ⁹)
325 3965 426 4018 Serena
445 3965 463 4017 l.
483 3967 501 4018 1.
520 3983 565 4034 pp.
586 3965 681 4027 2-10‚
701 3965 796 4018 Warsn
815 3964 833 4017 1.
853 3964 871 4016 1.
890 3983 936 4034 pp.
957 3965 1068 4020 18-27.
