2828 4612
636 325 808 386 ...33-

296 499 371 574 Quae
408 521 480 562 cum
513 501 559 563 ita
593 500 667 578 sint,
697 500 898 563 mirationem
921 522 997 564 sane
1020 500 1107 578 facit,
1131 500 1247 564 multos

185 628 221 687 et
245 624 352 688 doctos
376 625 460 688 viros
484 646 609 688 ornnem
632 625 699 687 fere
724 647 743 687 a
766 621 916 687 iuvenale
940 624 1126 688 facultatem
1151 645 1247 709 argu·

188 749 289 812 menti
313 749 500 831 disponendi
525 749 716 813 abiudicare.
752 749 780 812 E
804 750 919 832 quibus
943 750 1019 812 satis
1043 750 1085 812 sit
1100 746 1247 812 Iahnium

188 874 325 950 adferre,
355 875 442 937 cuius
465 875 563 938 verba
581 873 605 955 ¹)
639 873 708 937 haec
732 878 820 938 sunt:
856 896 931 937 sane
956 896 1071 957 anceps
1095 874 1247 937 iudicium

186 1001 246 1076 est,
270 999 448 1080 praesertim
471 999 505 1060 in
528 1021 564 1062 eo
587 1001 691 1080 poeta,
716 998 771 1080 qui
796 1001 916 1061 certum
939 999 1082 1062 ordinem
1106 1004 1137 1061 et
1153 1019 1246 1061 accu-

187 1126 290 1185 ratam
314 1123 500 1205 disponendi
524 1123 678 1185 rationem
702 1123 876 1185 contemnit
899 1126 930 1186 et
954 1145 1000 1201 ea,
1025 1145 1095 1205 quae
1116 1123 1247 1207 propria

187 1269 324 1310 romanae
348 1250 463 1311 saturae
488 1251 546 1325 est,
571 1247 720 1311 libertate
744 1269 919 1311 sermonem
944 1247 1136 1310 familiarem
1152 1252 1246 1330 grata

185 1372 393 1456 neglegentia
428 1372 581 1435 fundendi
615 1372 666 1436 rel
700 1372 828 1456 ingrata
862 1372 1068 1456 neglegentia
1092 1374 1244 1437 abutitur.

185 1495 295 1559 Simile
313 1496 465 1559 iudicium
482 1495 702 1580 Bergmueller
717 1496 795 1559 facit
807 1496 848 1572 l):
866 1496 971 1572 laude,
987 1496 1101 1578 inquit,
1117 1495 1244 1560 Teuffe-

184 1621 264 1683 lium
290 1619 391 1697 (Stud.
416 1642 446 1683 u.
472 1620 767 1684 Charakteristilren
790 1643 843 1704 pp.
860 1621 1050 1701 tro—434)
1066 1624 1245 1684 saturarum

183 1749 287 1827 poetae
324 1745 571 1828 dispositionem,
606 1750 716 1828 utpote
752 1768 813 1809 non
848 1747 988 1830 benigna
1016 1745 1138 1830 ingenii
1161 1765 1259 1810 vena

184 1870 321 1951 praediti,
345 1869 485 1933 ieiunam
508 1871 731 1953 appellantem.

289 1993 350 2058 Vv.
365 1996 471 2058 1—55
488 1965 588 2079 igitur
602 1998 767 2079 tamquam
782 1996 976 2076 prooemium
992 1991 1193 2078 praemittunt
1216 2018 1241 2060 r.

135 2105 138 2131 ³
182 2119 280 2182 Dicas
304 2120 399 2183 totius
423 2121 529 2183 satirae
555 2123 778 2204 argumentum
801 2143 850 2183 vv.
876 2121 961 2183 8-9
987 2121 1118 2202 exponi:

512 2267 649 2325 nocitura
672 2270 753 2342 toga,
778 2267 913 2324 nocitura
936 2271 1081 2341 petuntur

341 2355 446 2412 militia

289 2516 392 2580 Huius
427 2518 532 2581 satirae
558 2517 721 2581 exordium
745 2476 941 2580 simillimum
964 2522 1012 2582 est
1036 2518 1075 2596 ei,
1099 2520 1182 2602 quod
1205 2520 1239 2583 in

177 2645 240 2706 sat.
265 2640 311 2705 XI
334 2641 463 2726 legitur.
510 2640 594 2705 Nam
617 2641 656 2706 X.
682 2643 784 2705 2—5:

671 2790 759 2864 pauci
783 2791 932 2848 dinoscere
955 2798 1079 2866 possunt

307 2917 378 2955 vera
400 2897 479 2955 bona
503 2900 593 2972 atque
617 2897 675 2955 illis
699 2898 828 2954 multum
853 2897 977 2966 diversa,
1002 2901 1116 2956 remota

307 3004 414 3061 erroris
438 3005 555 3061 nebula.
603 3003 680 3073 Quid
703 3004 780 3061 enim
804 3003 918 3061 ratione
940 3003 1077 3062 timemus

308 3115 361 3167 aut
385 3111 537 3185 cupimus?

177 3275 273 3354 poeta
309 3272 469 3356 significat
503 3295 536 3336 se
560 3275 597 3336 de
622 3274 781 3337 erroribus
804 3273 967 3336 hominum
991 3274 1233 3356 disputaturum,

175 3397 291 3460 deinde
326 3397 609 3481 interrogationem
636 3399 757 3474 inserit,
782 3420 854 3481 qua,
879 3420 950 3461 cum
973 3420 1064 3461 nemo
1088 3399 1235 3462 assentiri
1312 3400 1316 3411 ’

174 3544 240 3584 non
278 3522 388 3605 possit,
428 3522 525 3585 rerba
563 3522 620 3585 illa
658 3523 891 3586 confirmentur.
950 3521 1002 3585 Sic
1038 3522 1071 3584 in
1107 3523 1234 3587 exordio

175 3649 235 3710 sat.
260 3645 321 3709 Xl:

285 3822 303 3888 ¹)
324 3823 354 3877 O.
374 3823 453 3886 Jnrru,
472 3823 503 3876 in
520 3822 597 3892 praef.
618 3822 660 3876 ed.
680 3822 730 3876 alt.
749 3841 776 3891 p.
796 3824 820 3876 9.

283 3909 303 3977 2)
323 3911 352 3964 L.
398 3912 593 3966 Bananuman:
643 3910 814 3976 Quaestiones
859 3910 1056 3973 Iuvenalianae‚
1102 3911 1231 3980 Erlangae

174 4001 252 4063 1886,
272 4018 298 4068 p.
318 4001 343 4052 5.

1109 4106 1125 4159 3
