2828 4612
597 288 797 351 -126-

277 471 318 528 sic
342 474 450 528 natura
474 471 571 529 iubet:
597 471 725 529 velocius
749 474 779 528 et
802 471 888 529 citius
912 490 964 529 nos

277 581 474 653 corrumpunt
496 577 637 636 vitiorum
660 580 793 653 exempla
816 578 984 647 domestIca,
1009 577 1131 653 magnis

277 703 344 742 cum
368 685 495 742 subeant
518 685 629 742 animos
654 685 825 742 auctoribus

171 846 214 909 m
237 847 332 930 paulo
357 847 441 910 infra
463 846 532 911 haec
556 848 644 911 addit
666 870 715 911 vv.
741 849 887 911 40—41:

627 1023 765 1097 quoniam
789 1022 896 1080 dociles
920 1022 1072 1081 imitandis

208 1191 221 1215 ⁶
331 1129 468 1205 turpibus
493 1148 526 1186 ac
549 1129 648 1204 pravis
672 1148 774 1187 omnes
795 1148 896 1187 sumus

171 1307 333 1392 Nequitiae
357 1332 432 1373 vero
455 1310 573 1394 gradus
598 1331 665 1373 esse
691 1311 782 1373 docet
805 1332 855 1373 vv.
881 1311 944 1373 215
968 1332 1056 1393 sqq.:

591 1485 721 1542 nondum
745 1485 903 1559 implevere
926 1485 1073 1543 medullas

238 1595 363 1648 maturae
388 1593 465 1648 mala
489 1591 639 1666 nequitia),
664 1595 710 1648 ast
734 1610 801 1649 cum
824 1596 941 1666 pectere
965 1592 1093 1649 barbam
1118 1596 1182 1652 cet.

173 1771 238 1837 cfr.
263 1795 312 1836 vv.
340 1774 402 1836 123
426 1795 506 1855 sqq.‚
532 1774 594 1836 138
619 1794 698 1855 sqq.‚
724 1773 908 1850 cca—234,
934 1773 997 1836 244
1021 1795 1093 1856 sqq.

279 1896 327 1959 De
352 1897 501 1980 periculis
526 1897 679 1959 malorum
704 1897 920 1979 exemplorum
943 1872 1028 1979 saepe
1049 1898 1222 1981 loquitur:

806 2073 857 2130 sed
881 2072 960 2160 quid¹

354 2197 412 2236 non
435 2178 545 2236 facient
568 2178 627 2247 alii,
653 2197 720 2236 cum
743 2183 777 2236 tu
801 2179 933 2237 multicia
957 2197 1056 2237 sumas

354 2285 466 2343 Cretica
851 2283 903 2355 (II.
929 2284 1072 2356 cta-67)

277 2455 388 2513 scilicet
413 2458 572 2529 exspectas,
596 2458 632 2511 ut
654 2455 755 2511 tradat
778 2457 873 2510 mater
896 2455 1033 2512 honestos

278 2564 368 2636 atque
392 2561 463 2619 alios
487 2580 592 2630 mores
615 2580 704 2635 quam
725 2578 799 2634 quos
819 2561 927 2618 babet?
963 2560 1028 2630 (VI.
1043 2561 1245 2637 239--240)

278 2748 344 2804 quae
369 2748 426 2787 non
450 2729 539 2786 faciet
563 2729 642 2802 quod
665 2728 805 2803 principis
828 2733 924 2786 uxor?
963 2728 1029 2797 (VI.
1048 2729 1128 2801 617)

278 2925 324 2964 res
348 2907 427 2964 haud
450 2907 524 2963 mira
547 2909 646 2963 tamen
670 2905 839 2964 citharoedo
862 2906 993 2981 piincipe
1016 2875 1128 2966 mimus

278 3013 383 3072 nobilis
833 3012 930 3083 (VIII.
955 3013 1148 3086 198—199)

172 3194 220 3259 De
245 3194 397 3279 gradibus
421 3193 609 3276 corruptelae
634 3215 705 3256 cum
729 3193 799 3256 aliis
822 3192 899 3255 locis
923 3197 990 3255 tuin
1013 3192 1064 3255 his
1090 3195 1184 3278 agit:

278 3369 391 3427 foedius
414 3370 469 3426 hoc
493 3368 605 3442 aliquid
629 3367 806 3442 quandoque
830 3367 951 3423 audebis
976 3366 1106 3427 amictu:

277 3494 362 3533 nemo
385 3477 506 3550 repente
530 3474 588 3531 fuit
611 3474 808 3549 turpissimus,
833 3473 1029 3547 accipientia

277 3581 432 3658 paulatim,
458 3581 509 3655 qui
532 3585 588 3639 cet.
902 3580 954 3649 (II.
980 3579 1126 3651 82—84)

509 3753 608 3807 tamen
632 3751 668 3806 ad
692 3767 787 3807 mores
811 3752 919 3806 natura
942 3748 1070 3806 recurrit

278 3859 430 3916 damnatos
454 3858 510 3913 fixa
534 3859 564 3913 et
586 3856 696 3912 mutari
719 3855 826 3913 nescia.
851 3875 918 3911 nam
943 3855 1009 3929 quis

277 3964 416 4039 peccandi
439 3964 527 4020 finem
550 3961 649 4036 posuit
672 3962 745 4020 sibi?
802 3961 898 4031 (XIII.
924 3957 1126 4039 239-241).
