2828 4612
528 783 680 893 Satira
717 784 828 896 nu

252 1013 426 1096 Dispositio
460 1016 641 1099 argumenti
672 1016 740 1079 haec
765 1020 821 1079 est.
868 1016 1010 1081 Plurima
1033 1019 1112 1082 vitia
1136 1042 1204 1084 esse

146 1138 224 1201 dicit
247 1142 351 1221 poeta,
376 1139 490 1222 quibus
514 1143 662 1222 parentes
686 1141 747 1222 ipsi
770 1141 887 1205 liberos
911 1143 1124 1206 assuefaciant
1140 1143 1203 1224 (vv.

148 1262 258 1345 1-3).
299 1261 390 1337 Quod
412 1267 447 1327 ut
467 1265 620 1348 exemplis
637 1267 820 1348 comprobet
836 1265 899 1346 (vv.
916 1268 1050 1350 4-30),
1067 1269 1204 1351 primum

145 1388 292 1466 ostendit,
328 1388 439 1466 filium,
474 1389 501 1451 si
536 1392 627 1472 pater
655 1390 724 1453 alea
746 1389 855 1454 ludere
880 1394 974 1469 amet,
998 1415 1071 1456 mox
1095 1394 1204 1457 eodem

145 1514 220 1576 ludo
257 1514 407 1577 delectari
444 1512 507 1595 (vv.
543 1514 660 1597 4-5);
697 1516 820 1594 deinde,
856 1516 883 1579 si
914 1538 1016 1601 ganeo
1039 1522 1130 1601 pater
1152 1520 1203 1597 sit,

100 1652 105 1665 ·
143 1639 246 1701 filium
269 1638 349 1701 nihil
373 1639 533 1721 antiquius
557 1639 684 1718 habere,
709 1662 804 1723 quarn
828 1644 863 1703 ut
886 1642 954 1724 ipse
978 1664 1072 1725 quam
1092 1643 1204 1706 lautis-

143 1763 224 1826 sime
261 1766 351 1826 cenet
386 1764 448 1842 (vv.
486 1764 617 1844 6-14).
664 1764 744 1826 Tum
778 1765 864 1828 aliud
897 1767 1076 1848 exemplum
1101 1768 1204 1831 adfert

142 1889 245 1970 patris
270 1888 340 1950 duri
364 1893 396 1950 et
419 1888 568 1950 crudelis:
600 1887 693 1950 huius
716 1888 832 1952 liberos
856 1890 945 1952 brevi
969 1893 1001 1952 et
1024 1890 1108 1972 ipsos
1133 1913 1204 1954 cru-

144 2013 233 2075 deles
269 2015 301 2075 et
335 2011 546 2076 inexorabiles
575 2033 641 2076 esse
665 2013 787 2076 futuros
811 2013 1006 2076 demonstrat
1030 2014 1092 2096 (vv.
1119 2015 1202 2079 15-
1304 2028 1308 2039 “

143 2136 212 2218 24).
259 2135 365 2220 Atque
401 2139 436 2198 ut
458 2139 576 2198 matres
601 2158 724 2220 quoque
747 2138 781 2225 in
804 2138 898 2220 culpa
921 2160 1006 2221 saepe
1030 2160 1098 2203 esse
1122 2141 1203 2203 scia-

143 2284 225 2340 mus
261 2263 359 2340 addit,
395 2261 493 2324 filiam
528 2262 654 2325 omnino
687 2284 809 2326 morum
832 2263 1052 2346 integritatem
1076 2285 1203 2328 servare

142 2409 208 2450 non
231 2408 332 2469 posse,
356 2387 384 2449 si
406 2386 576 2450 libidinosa
600 2391 632 2450 et
654 2387 869 2470 voluptatibus
895 2388 1002 2451 dedita
1016 2393 1119 2452 mater
1136 2390 1203 2453 eius

143 2512 187 2575 sit
222 2511 284 2594 (vr.
310 2513 463 2587 25—30).
510 2511 570 2574 His
606 2512 760 2594 exemplis
789 2512 893 2575 allatis
916 2513 1120 2577 manifestum
1145 2519 1202 2593 est,

143 2637 228 2719 quod
264 2637 327 2699 iam
360 2637 440 2698 dixit
463 2638 567 2719 poeta,
590 2635 706 2700 liberos
730 2637 821 2699 malis
846 2638 999 2719 exemplis
1024 2639 1203 2702 domesticis

144 2761 316 2843 corrumpi,
352 2760 496 2843 quamvis
530 2783 594 2823 non
628 2763 725 2844 neget
759 2762 919 2824 interdum
949 2762 1018 2825 fieri
1041 2784 1143 2844 posse,
1168 2768 1203 2825 ut
1335 2832 1336 2836 ,

144 2886 242 2949 etiam
276 2886 405 2967 pessimi
432 2887 580 2967 parentes
605 2886 684 2948 bene
709 2901 845 2948 moratos
869 2885 950 2949 filios
974 2886 1114 2949 habeant
1138 2885 1201 2966 (vv.

144 3009 301 3091 31—37).

252 3133 353 3208 Quam
377 3135 507 3197 obrem
531 3134 689 3197 exclamat
712 3133 754 3214 (v.
780 3132 852 3215 38):

444 3308 591 3366 abstineas
615 3308 707 3384 igitur
731 3309 903 3367 damnandis

142 3471 234 3546 Quod
258 3493 313 3534 cur
336 3473 462 3535 moneat
484 3471 548 3533 iam
571 3471 716 3535 novimus
740 3493 779 3535 ex
795 3472 844 3550 iis,
866 3493 936 3554 quae
954 3474 1200 3550 antecesserunt,

142 3597 201 3660 sed
234 3601 328 3680 poeta
364 3596 422 3660 hoc
458 3596 563 3672 iterat,
599 3617 661 3678 quo
696 3596 809 3660 melius
843 3596 1003 3660 mentibus
1026 3595 1202 3659 inculcetur
