2828 4612
616 313 788 376 ,76-

174 486 333 572 Imprimis
372 511 469 573 grave
505 493 562 565 est,
597 490 681 573 quod
714 495 821 554 monet
856 491 893 553 de
928 490 1087 553 ment-ione
1124 490 1230 553 divitis

172 613 307 678 hominis
332 638 361 678 r.
387 616 460 678 168.

279 738 355 802 Post
377 762 426 802 vv.
453 740 643 803 195—-1962

741 935 773 971 ae
799 914 869 970 mihi
893 933 963 988 pam

353 1021 500 1079 immensae
525 1021 680 1095 nimiaeque
704 1021 773 1078 licet
795 1021 819 1078 si
843 1021 938 1078 dicero
963 1019 1056 1094 plebis

172 1200 327 1264 Weidner
349 1201 494 1264 lacunam
519 1224 586 1263 esse
610 1201 791 1278 arbitratur,
815 1222 888 1262 nam
913 1203 947 1262 ut
970 1221 1053 1263 nunc
1077 1206 1138 1279 est,
1154 1200 1229 1265 illud

174 1326 292 1389 dictum
327 1326 360 1388 in
393 1347 487 1389 versu
522 1326 666 1408 sequenti
702 1325 869 1387 desiderat.
916 1324 1115 1389 Ribbeckius
1140 1327 1232 1389 ambo

172 1472 281 1513 versus
318 1450 411 1512 delet.
458 1448 636 1531 Utrumque
664 1449 789 1524 falsum,
814 1472 886 1512 nam
911 1451 979 1512 iure
1002 1449 1136 1512 retineri
1160 1472 1230 1532 pos·

173 1578 246 1638 sunt
269 1596 326 1637 nec
352 1575 464 1636 lacuna
480 1575 647 1636 statuenda
664 1578 720 1636 est.
761 1571 919 1663 Iuvenalis
937 1574 975 1635 de
993 1573 1076 1636 circo
1092 1573 1232 1656 loquitur

172 1704 332 1783 tamquam
371 1699 546 1781 despiciens
582 1699 648 1761 eius
683 1699 767 1762 modi
802 1699 1034 1761 oblectamenta
1069 1720 1167 1781 seque
1198 1699 1229 1761 in

173 1824 272 1887 herba
295 1824 398 1886 iacere
422 1845 616 1905 vernumque
640 1824 735 1886 solem
760 1824 869 1886 bibere.
893 1822 991 1904 pluris
1008 1822 1114 1885 facere
1133 1822 1230 1886 confi-

174 1950 268 2011 tetur.
308 1946 421 2029 Neque
445 1951 552 2010 tamen
570 1948 848 2035 ig110rat,plebe1n
865 1947 959 2030 longe
977 1946 1061 2011 aliud
1079 1947 1229 2010 iudicium

175 2073 212 2134 de
247 2071 306 2134 hac
335 2094 367 2134 re
392 2072 508 2147 facere,
533 2094 627 2154 quam
651 2073 690 2134 ob
714 2094 781 2134 rem
804 2093 866 2134 nou
890 2071 957 2133 sine
981 2071 1082 2133 ironia
1105 2072 1230 2134 veniam

174 2196 314 2258 audaciae
349 2196 439 2277 petit.
487 2194 546 2258 Vv.
585 2197 757 2258 lea—204
792 2196 891 2278 igitur
924 2195 984 2259 hoc
1007 2196 1101 2258 modo
1125 2196 1232 2278 dispo·

173 2320 290 2383 nendos
315 2341 382 2382 esse
406 2319 608 2383 crediderim:

279 2495 390 2550 interea
414 2494 614 2568 Megalesiacae
638 2494 806 2568 spectacula
829 2512 944 2567 mappae

279 2600 392 2656 ldaeum
416 2601 543 2658 solemne
567 2601 666 2658 colunt
691 2599 851 2674 similisque
875 2599 1027 2674 triumpho

199 2705 259 2763 195
281 2706 381 2780 praeda
406 2706 587 2763 caballorum
611 2709 721 2781 prator
745 2707 826 2763 sedet
850 2710 880 2763 et
903 2705 1004 2780 fragor
1028 2725 1131 2764 aurem

280 2812 418 2886 percutit,
444 2816 581 2869 eventum
605 2812 706 2869 viridis
731 2831 789 2886 quo
813 2812 919 2887 colligo
943 2812 1042 2886 panni.

280 2938 348 2975 nam
371 2919 396 2975 si
420 2918 564 2986 deficeret,
589 2922 721 2977 maestam
746 2919 964 2993 attonitamque
988 2918 1102 2976 videres

280 3026 355 3082 hanc
378 3024 490 3093 urbem,
516 3025 609 3082 veluti
633 3023 800 3082 Cannarum
825 3025 854 3081 in
878 3025 999 3099 pulvere
1023 3024 1110 3082 victis

280 3130 458 3188 consulibus
483 3133 616 3206 spectent
639 3132 768 3198 iuvenes,
793 3150 866 3206 quos
892 3132 1001 3189 clamor
1025 3135 1055 3188 et
1078 3131 1179 3189 audax

197 3237 259 3294 200
280 3237 406 3312 sponsio,
432 3257 505 3312 quos
529 3239 616 3295 cultae
641 3239 724 3295 decet
748 3238 892 3295 adsedisse
916 3239 1032 3312 puellae.

280 3348 374 3402 totam
398 3345 483 3402 hodie
507 3344 631 3402 Romam
656 3344 750 3402 circus
774 3344 868 3419 capit:
894 3348 934 3412 ct,
958 3343 1029 3401 mihi
1052 3364 1125 3420 pace

279 3451 427 3508 immensae
451 3451 607 3525 nimiaeque
621 3450 699 3537 'licet
722 3450 746 3507 si
770 3450 864 3508 dicere
888 3449 991 3524 plebis

280 3561 380 3614 nostra
403 3557 487 3614 bibat
511 3576 634 3615 vernum
659 3559 811 3614 contrecta
835 3555 965 3613 cuticula
988 3557 1079 3614 solem

280 3663 461 3739 effugiatque
484 3668 586 3738 togam

229 3862 231 3866 ·
279 3842 468 3926 Priusquam
512 3844 642 3907 satiram
680 3843 877 3906 undecimam
918 3842 1071 3925 relinquo,
1111 3843 1240 3928 aliquid

174 3967 353 4031 addendum
375 3968 501 4031 ridetur
524 3969 636 4054 derv.
664 3967 852 4031 roc-107:
