2828 4612
689 294 860 357 ..32-

240 494 325 556 uam¹
344 472 489 535 universe
514 472 552 533 de
576 471 656 534 votis
679 470 822 534 ridiculis
845 470 1010 535 hominum
1032 476 1126 555 poeta
1148 472 1304 556 loquitur,

240 599 296 661 sed
319 602 426 661 tamen
457 598 511 674 ita,
536 599 572 658 ut
594 599 712 679 praeter
734 596 896 674 nonnulla,
920 619 990 680 quae
1014 597 1098 661 inira
1123 599 1305 662 accuratius

243 724 383 806 exponit,
419 721 527 805 qualia
561 725 634 784 sunt
667 725 742 785 vota
773 721 925 805 potentiae
950 727 1033 805 (quae
1056 723 1172 806 respici
1194 728 1306 807 potest

240 871 269 911 1.
296 845 338 928 7),
375 847 476 909 laudis
512 847 725 929 imperatoriae
755 845 819 924 (11.
844 847 954 929 8-9),
978 847 1166 930 eloquentiae
1191 848 1303 927 (vv.9

240 974 350 1049 -10),
387 971 483 1034 etiam
519 993 627 1033 earum
662 993 768 1034 rerum
803 971 993 1035 mentionem
1030 971 1137 1050 faciat,
1166 994 1304 1055 quarum

239 1099 350 1178 postea
366 1118 442 1159 cura
458 1118 520 1159 non
536 1099 717 1178 occupatur,
735 1100 771 1160 ut
786 1096 902 1159 virium
915 1097 1055 1179 corporis
1069 1101 1130 1172 (11.
1146 1099 1303 1177 10-11),

150 1256 153 1260 ’
240 1223 423 1286 divitiarum
446 1221 509 1303 (vv.
537 1220 690 1302 12—27).
729 1219 806 1296 Quae
830 1224 937 1284 tamen
961 1222 1067 1285 omnia
1091 1222 1124 1285 in
1140 1223 1305 1304 prooemio

239 1348 342 1411 locum
378 1337 548 1410 defendere
583 1350 722 1430 possunt,
759 1347 814 1409 sed
847 1347 961 1409 mirum
986 1350 1043 1426 est,
1067 1353 1193 1430 poetam
1216 1350 1304 1411 tam·

239 1495 333 1556 quam
358 1476 594 1556 pretereuntem
611 1474 642 1533 in
660 1472 816 1554 principio
833 1472 973 1535 breviter
990 1473 1027 1535 de
1045 1471 1165 1536 divitiis
1182 1473 1302 1552 dicere,

238 1620 301 1661 non
334 1619 404 1660 eam
439 1598 645 1680 quaestionem
680 1618 743 1659 una
772 1618 844 1659 cum
868 1597 990 1674 ceteris,
1016 1618 1085 1679 quae
1111 1597 1223 1660 deinde
1248 1619 1302 1660 se-

239 1726 379 1808 quuntur
402 1744 535 1805 quaeque
559 1723 729 1784 maximam
754 1727 787 1784 01
809 1722 1030 1805 gravissimam
1050 1721 1157 1784 satirae
1173 1724 1302 1804 partem

239 1847 388 1926 efficiunt,
423 1849 573 1910 tractare.
620 1845 682 1909 Sed
716 1847 780 1908 iam
804 1846 949 1909 universe
973 1846 1010 1908 de
1034 1847 1115 1909 votis
1139 1847 1301 1928 perversis

239 1973 355 2056 agitur.
403 1969 514 2053 Itaque
546 1972 607 2034 duo
631 1971 679 2034 illi
702 1970 893 2054 philosophi,
918 1969 1100 2034 Heraclitus
1124 1973 1157 2033 01
1179 1970 1301 2034 Demo-

239 2098 345 2175 critus,
378 2119 408 2161 1.
446 2098 486 2159 28
522 2096 723 2173 inducuntur,
759 2095 813 2177 qui
849 2096 886 2157 de
920 2095 983 2157 suis
1014 2095 1210 2179 temporibus
1234 2117 1301 2159 non

238 2223 341 2285 minus
365 2222 468 2304 questi
494 2224 576 2299 sunt,
600 2243 696 2304 quam
720 2220 849 2283 decimae
874 2219 980 2282 satirae
1004 2220 1139 2302 scriptor
1156 2219 1299 2283 devitiis

238 2370 363 2410 suorum
388 2347 567 2431 aequalium.
615 2344 774 2410 Iuvenalis
797 2345 830 2408 in
853 2345 1050 2428 temporibus
1074 2345 1199 2409 illorum
1222 2345 1299 2427 phi·

236 2472 439 2555 losophorum
473 2493 545 2535 cum
571 2494 628 2534 sua
653 2475 747 2534 aetate
771 2471 991 2553 comparandis
1015 2491 1113 2552 usque
1138 2470 1177 2532 ad
1201 2470 1300 2534 finem

236 2598 392 2680 prooemii
417 2601 598 2678 occupatur.

344 2721 433 2796 Quod
456 2721 496 2783 ad
520 2720 756 2803 dispositionem
780 2721 904 2798 attinet,
925 2741 1043 2804 magna
1060 2723 1107 2783 est
1123 2719 1299 2784 similitudo

237 2848 321 2911 inter
345 2847 499 2910 decimam
524 2847 654 2908 satiram
678 2849 709 2907 et
732 2844 900 2926 septimam
922 2844 973 2906 101
995 2844 1134 2908 tertiam.
1179 2843 1299 2906 Trans-

236 2973 351 3037 itiones
375 2973 408 3034 in
431 2970 481 3032 his
505 2971 649 3033 omnibus
673 2968 842 3032 admodum
863 2968 974 3032 subitae
991 2971 1073 3046 tunt,
1090 2970 1173 3052 quod
1188 2972 1299 3032 tamen

236 3096 314 3161 11110
348 3099 448 3179 poetae
480 3095 618 3157 dandum
641 3093 770 3157 minime
794 3096 852 3156 est.
898 3090 999 3158 Immo
1023 3095 1116 3158 credo
1139 3094 1171 3156 id
1195 3115 1297 3177 genus

236 3222 448 3299 transitiones
473 3242 543 3303 quae
567 3223 724 3304 praeterea
747 3219 832 3302 apud
855 3217 1038 3282 Iuvenalem
1061 3240 1123 3281 non
1149 3219 1238 3280 modo
1262 3219 1298 3281 in

236 3347 332 3409 tertia
367 3334 467 3408 satira
500 3349 532 3407 et
559 3345 703 3426 septima,
728 3366 806 3426 quas
830 3343 966 3405 maxime
991 3343 1031 3406 ob
1055 3342 1298 3406 similitudinem

235 3471 335 3552 posui,
359 3492 469 3534 verum
494 3469 590 3531 etiam
613 3470 647 3531 in
670 3468 776 3531 multis
798 3467 868 3531 aliis
884 3468 1097 3545 inveniuntur,
1115 3467 1297 3549 aptissimas

237 3616 304 3657 esse
341 3596 380 3660 ad
415 3616 452 3657 00
487 3594 657 3671 efferenda,
692 3615 762 3676 quae
797 3596 891 3675 poeta
915 3592 1074 3655 memoriae
1099 3612 1215 3665 eorum,
1240 3592 1298 3674 qui

236 3721 375 3798 audiant,
400 3718 542 3803 graviter
565 3718 724 3781 inculcare
750 3718 865 3800 cupiat.
906 3716 956 3780 Sic
981 3717 1083 3802 magis
1107 3717 1179 3781 1110
1195 3717 1298 3780 010110

236 3847 272 3909 fit
295 3846 525 3930 imaginesque,
549 3866 619 3927 quae
644 3866 683 3907 ex
705 3844 875 3927 improviso
899 3844 1100 3928 deteguntur,
1126 3842 1237 3905 melius
1262 3847 1297 3905 et

235 3971 333 4035 oculis
358 3975 390 4033 et
413 3969 572 4032 mentibus
596 3969 825 4052 percipiuntur.
