2828 4612
609 316 804 378 -102-

174 490 323 555 malebat.
370 491 413 555 Et
448 493 598 574 quoniam
634 493 732 555 satira
754 493 851 556 tertia
874 493 997 556 decima
1021 491 1080 556 hoc
1106 492 1244 556 consilio

174 616 293 699 scripta
329 620 386 692 est,
412 617 607 680 delectamur
631 640 667 680 ea
692 620 724 680 et
746 620 873 699 poetam
897 617 1101 695 admiramur,
1127 617 1243 701 quiin

173 743 263 803 tanta
287 741 442 804 malorum
465 741 682 824 scelerumque
707 741 883 805 colluvione
907 741 1066 804 maleficos
1090 741 1242 805 homines

175 865 213 928 de
237 865 335 928 animi
359 866 552 928 conscientia
576 866 746 930 admonere
771 888 864 930 ausus
880 868 932 930 sit.
972 866 1087 929 Melior
1103 872 1153 930 est
1169 865 1240 931 haec

173 989 282 1066 satira,
318 992 350 1052 et
385 992 468 1072 quod
503 990 543 1053 ad
579 991 744 1054 consilium
779 996 880 1074 poetae
906 994 937 1054 et
961 992 1044 1074 quod
1068 992 1109 1055 ad
1135 991 1240 1075 ipsam

173 1113 307 1176 {ormam
331 1118 364 1176 et
388 1115 627 1197 dispositionem
651 1116 775 1192 attinet,
800 1138 895 1199 quam
918 1120 954 1179 ut
970 1139 1042 1179 cum
1058 1114 1240 1180 Ribbeckio

174 1240 279 1300 errata
302 1241 426 1302 tantum
451 1244 484 1302 et
506 1240 614 1302 inania
637 1241 736 1302 verba
759 1240 981 1304 declamatoris
1005 1241 1037 1303 in
1063 1264 1101 1304 ea
1123 1242 1239 1324 depre-

174 1361 361 1428 hendamus.
401 1364 507 1446 Atque
532 1365 559 1427 si
583 1364 804 1447 Bergmueller
827 1364 865 1427 de
889 1365 1018 1449 ingenio
1041 1369 1145 1448 poetae
1167 1388 1238 1429 cum

174 1487 381 1570 despicientia
410 1489 547 1571 quadam
570 1488 724 1572 loquitur:
750 1490 826 1552 satis
851 1493 1046 1573 compertum
1070 1489 1236 1567 habemus,

173 1612 287 1694 inquit,
323 1609 517 1690 Iuvenalem,
554 1634 625 1676 cum
659 1614 838 1696 simplicem
869 1614 1055 1697 plerumque
1080 1616 1237 1677 rationem

173 1739 362 1819 argumenta
397 1759 436 1799 ex
470 1737 629 1820 gravitate
665 1738 880 1822 distinguendi
915 1742 1077 1822 sequatur,
1113 1762 1178 1803 non
1201 1762 1237 1802 ea
1300 1764 1306 1779 ⁴

172 1860 298 1943 ingenii
333 1860 396 1922 alte
432 1860 585 1924 evolantis
621 1865 653 1924 et
683 1863 828 1925 ubertate
852 1867 884 1925 et
907 1864 1103 1926 fecunditate
1128 1865 1235 1940 fuisse,

175 1988 209 2046 ut
244 1985 419 2079 orationem
455 1986 494 2048 ab
530 1988 614 2048 omni
649 1987 814 2050 ieiunitate
849 1990 881 2050 et
910 1987 1064 2071 languore
1090 1994 1237 2052 avocaret

174 2130 277 2191 neque
313 2109 353 2171 ad
387 2109 533 2190 putidum
567 2131 652 2192 saepe
676 2110 906 2193 molestumque
931 2110 1136 2176 delaberetur
1160 2115 1236 2177 arti·
1304 2132 1306 2143 ·

174 2233 297 2310 ficium;
333 2233 430 2297 immo
466 2256 504 2297 ex
534 2234 700 2316 particulis
724 2257 848 2317 quoque
872 2236 907 2298 in
928 2237 1173 2301 transitionibus
1198 2239 1237 2301 ab
1298 2218 1306 2250 ’ἴ

175 2380 211 2421 eo
245 2359 417 2440 usurpatis
452 2381 548 2440 quam
572 2380 704 2440 operoso
730 2359 839 2422 labore
863 2364 986 2423 saturas
1010 2363 1237 2444 composuerit,

174 2481 278 2545 elucet
296 2482 320 2563 ¹)
358 2519 398 2526 —
433 2482 493 2546 hac
517 2483 631 2546 saltem
654 2483 688 2545 in
711 2484 809 2546 satira
832 2485 943 2565 putida
966 2485 1022 2559 illa
1045 2487 1078 2548 et
1101 2487 1239 2550 molesta
1259 2571 1265 2591 o

175 2607 311 2669 artificia
333 2629 396 2669 non
419 2610 509 2669 tanta
532 2628 600 2670 esse
625 2607 781 2684 videntur,
806 2612 841 2668 ut
864 2608 903 2670 iis
927 2609 1076 2686 officiant,
1094 2611 1151 2692 qui
1168 2633 1241 2675 eam

173 2731 310 2815 legendo
333 2732 525 2812 'scriptorem
549 2734 580 2792 et
604 2731 737 2814 candide
761 2732 949 2794 sentientem
974 2738 1006 2795 et
1030 2735 1166 2798 candide
1192 2737 1242 2799 di-

175 2859 299 2918 centem
316 2876 506 2938 cognoscere
522 2855 631 2917 velint.
672 2854 714 2916 Et
730 2855 827 2918 timeo
844 2856 998 2938 protecto,
1015 2879 1054 2920 ne
1071 2857 1104 2919 in
1123 2862 1243 2924 ceteris

112 3011 116 3019 ·
174 3002 298 3062 quoque
333 2979 451 3055 satiriS,
486 2979 541 3060 qui
575 2979 620 3040 ita
655 2979 805 3056 iudicent,
841 2980 941 3042 multa
975 3001 1037 3042 non
1061 2982 1244 3063 inveniant,

174 3127 245 3187 quae
269 3108 335 3166 tam
359 3124 469 3166 severo
494 3104 609 3166 iudicio
632 3104 857 3187 suffragentur.

282 3227 480 3310 Quamquam
511 3228 718 3291 severissimae
743 3228 774 3289 in
799 3229 898 3292 satira
920 3231 1015 3292 tertia
1039 3230 1166 3297 decima
1192 3257 1246 3298 res

173 3357 353 3418 tractantur
383 3356 478 3435 atque
504 3352 644 3414 insiliis
668 3374 781 3434 parum
804 3353 948 3416 iucundis
972 3355 1120 3417 notandis
1145 3364 1247 3439 poeta

173 3483 328 3556 versatur,
363 3481 472 3540 tamen
506 3496 593 3538 more
629 3497 684 3538 suo
718 3476 787 3538 ioca
821 3476 916 3558 plena
939 3477 1131 3541 facetiarum
1156 3484 1248 3548 serio

174 3604 311 3666 sermoni
346 3600 541 3665 admiscendi
576 3620 610 3662 se
646 3599 804 3662 abstinere
828 3621 890 3663 non
912 3604 1027 3681 potest,
1052 3623 1127 3665 cum
1152 3612 1248 3672 recte

175 3728 237 3791 sibi
270 3725 474 3810 persuaserit,
502 3724 677 3787 orationem
700 3724 745 3785 sic
769 3723 893 3786 facilius
917 3725 1030 3788 animis
1055 3748 1170 3792 eorum
1195 3732 1250 3796 in-

175 3896 386 3904 Ψ-

285 3992 304 4060 ¹)
324 3993 504 4045 Banoutnann
523 3989 542 4042 l.
562 3988 580 4040 l.
599 4005 626 4055 p.
646 3987 688 4039 21.
