2828 4612
603 340 643 349 -
670 306 732 379 132
758 340 798 348 -.

174 506 223 549 me
270 484 417 548 audacior
462 483 552 546 illum
590 504 715 545 versum
754 483 921 545 restituere
960 485 1091 545 conatus
1131 486 1180 546 est
1208 480 1229 554 i.

173 606 204 672 Is
227 609 327 694 legit:

277 804 346 840 nam
370 782 503 858 quisquis
528 781 627 858 magni
651 800 753 840 census
777 781 918 857 praecepit
942 801 1072 840 amorem

279 894 309 946 et
332 891 407 947 laevo
431 888 545 947 monitu
569 907 675 963 pueros
699 888 836 963 producit
860 907 963 946 avaros

281 1000 310 1054 et
334 996 385 1071 qui
408 1016 461 1071 per
485 996 603 1053 fraudes
627 995 805 1070 patrimonia
830 995 1037 1070 conduplicare

281 1122 339 1161 non
363 1106 511 1160 metuant:
536 1102 650 1160 iuvenis
673 1121 787 1176 semper
811 1101 851 1159 sie
875 1102 978 1160 doetus
1002 1102 1085 1178 equis
1108 1121 1179 1161 mox

280 1210 331 1267 dat
354 1209 523 1267 libertatem
547 1212 577 1266 et
599 1213 678 1267 totas
702 1209 827 1265 effundit
849 1208 978 1266 habenas

280 1316 443 1384 curricu103
468 1335 557 1390 quem
580 1314 604 1372 si
627 1334 745 1373 revoees
770 1319 825 1373 eet.

280 1495 369 1571 Quod
405 1497 442 1558 de
477 1496 599 1559 insidiis
623 1496 809 1579 parentibus
834 1519 852 1558 a
876 1496 948 1559 filiis
973 1498 1092 1580 paratis
1117 1497 1233 1561 dicitur

173 1643 223 1684 vv.
260 1622 323 1684 250
359 1642 427 1702 sqq.
463 1621 639 1702 comparari
676 1624 779 1703 potest
806 1642 879 1683 eum
902 1618 959 1685 VI.
985 1622 1047 1685 629
1072 1644 1154 1705 sqq.‚
1179 1622 1233 1686 ubi

79 1802 88 1819 „
173 1745 326 1828 pericula,
362 1767 432 1827 quae
468 1745 542 1808 filiis
576 1746 771 1828 impendent,
808 1751 1018 1829 exponuntur.
1069 1745 1132 1811 Vv.
1169 1748 1231 1812 262

175 1891 243 1952 sqq.
281 1893 298 1932 a
332 1868 506 1932 Weidnero
541 1870 623 1932 male
649 1871 863 1953 explicantur:
888 1871 961 1954 quid
987 1871 1070 1934 ludis
1094 1872 1232 1949 intersis

175 2015 247 2056 cum
281 1997 335 2056 tua
371 1995 500 2077 negotia
523 1995 623 2077 pluris
646 1996 766 2060 facias?
801 1994 967 2060 Sententia
991 2000 1053 2060 est:
1078 1996 1133 2079 qui
1159 2010 1233 2060 ava-

174 2140 282 2181 rorum
306 2118 468 2182 hominum
492 2120 605 2182 ardens
629 2122 768 2184 studium
792 2122 1035 2206 contemplatur,
1059 2122 1085 2184 is
1101 2121 1186 2185 ludis
1202 2125 1234 2186 et

173 2242 307 2306 theatris
331 2216 438 2307 carere
463 2244 557 2308 facile
581 2249 696 2328 potest.

284 2472 302 2540 ¹)
323 2476 437 2528 Scnrnz:
466 2474 567 2539 Quaest.
587 2475 709 2528 Iuvenal.
730 2474 823 2544 capite
842 2474 905 2528 tria.
943 2476 1031 2530 Berol.
1055 2476 1141 2555 1885.Ι
