2828 4612
510 289 704 351 -139-

74 465 181 541 Quare
209 467 336 530 numid
360 466 483 530 Palmio
507 465 671 541 assentiar,
695 486 758 528 non
781 465 880 547 probo
905 463 1136 541 Hermannum,
1182 502 1184 509 ι

75 592 132 674 qui
155 590 223 655 haee
247 593 359 655 verba:

513 713 658 775 elemento
681 711 818 786 gratulor
841 715 872 768 et
894 716 923 768 te

290 819 436 876 exsultare
460 837 527 876 reor

77 982 167 1045 uncis
200 981 344 1060 includit,
372 981 432 1044 hoc
456 981 591 1044 addens:
628 984 687 1043 sat.
711 979 782 1042 XV.
807 1002 858 1044 vv.
883 981 1011 1043 86-87
1037 979 1136 1041 inter-

75 1106 229 1203 polatoris
252 1127 355 1190 nugas
379 1107 476 1169 etiam
499 1104 654 1169 Orellium
678 1104 924 1187 deprehendisse
948 1105 1039 1168 laetor
1057 1104 1090 1184 ¹).

184 1231 344 1295 Praeterea
379 1252 441 1293 non
472 1230 564 1292 multi
587 1252 696 1293 versus
720 1230 760 1293 ab
784 1229 959 1292 editoribus
982 1228 1016 1290 iu
1039 1228 1137 1290 satira

20 1408 25 1413 .
75 1355 189 1438 quinta
213 1357 335 1419 decima
357 1377 415 1438 pro
438 1355 554 1437 spuriis
577 1355 745 1418 habentur.
792 1352 853 1416 Vv.
879 1354 1024 1417 97-98:

184 1530 271 1587 huius
296 1530 382 1591 enim.
408 1531 487 1604 quod
511 1549 589 1587 nuno
613 1528 723 1604 agitur,
747 1528 912 1585 miserabile
937 1527 1024 1584 debet

185 1638 350 1711 exemplum
374 1655 435 1694 esse
460 1636 526 1702 eibi,
551 1636 628 1694 sieut
651 1636 738 1693 modo
762 1635 841 1692 dieta
864 1634 935 1691 mibi
958 1652 1029 1709 gens

77 1823 96 1862 a
132 1797 245 1863 Ialmio
280 1802 312 1862 et
346 1798 519 1862 Weidnero
555 1799 709 1862 delentur.
756 1797 803 1862 Re
839 1819 914 1861 vern
949 1796 1005 1860 hos
1028 1818 1137 1861 versus

76 1925 228 1988 delendos
253 1947 320 1988 esse
345 1925 548 2005 ¹crediderim
581 1928 666 1988 reete
691 1923 776 1987 enim
800 1911 995 1986 Ribbeokius
1019 1923 1096 1985 dicit
1111 1921 1137 2004 2)

79 2049 208 2113 difficile
234 2072 301 2113 esse
324 2049 523 2132 intellegere,
548 2049 624 2131 quid
643 2049 704 2112 sibi
720 2048 797 2112 velit
813 2048 907 2112 illud:
932 2047 1035 2125 huiuS,
1053 2047 1137 2130 quod

77 2195 162 2238 nuno
197 2175 304 2258 agitur
328 2174 509 2255 exemplum
533 2173 605 2248 eibi,
631 2195 703 2235 eum
727 2176 781 2235 aut
804 2172 863 2235 hoo
890 2208 927 2215 -
954 2172 1134 2253 exemplum

77 2302 134 2362 aut
156 2298 259 2377 huius,
284 2299 337 2382 qui
361 2320 445 2361 nune
469 2297 587 2381 agitur,
611 2298 715 2380 potius
740 2297 907 2359 dicendum
923 2297 980 2372 sit3
1006 2296 1136 2378 iureque

76 2445 169 2486 usum
186 2424 286 2497 verbi,
304 2424 387 2506 quod
401 2427 449 2486 est
464 2423 555 2500 sicut,
571 2422 666 2504 prosi
679 2421 806 2504 quidem
820 2421 924 2503 positi,
938 2442 997 2483 non
1011 2420 1135 2483 tolerat.

184 2547 307 2612 Praeter
341 2571 388 2625 en,
425 2570 494 2630 quae
530 2569 626 2630 supra
661 2547 807 2624 diximus,
842 2546 992 2608 nonnulla
1020 2545 1054 2607 in
1077 2544 1137 2607 bae

76 2672 181 2735 satira‘
200 2673 298 2757 dignu
322 2677 404 2750 sunt,
429 2695 499 2754 quae
524 2673 734 2735 attendamus
774 2670 878 2734 Satira
903 2671 942 2733 ab
958 2670 1137 2753 interroga-

77 2797 163 2861 tione
197 2797 322 2881 incipit,
357 2797 460 2861 simile
496 2798 658 2861 exordium
693 2799 741 2859 est
775 2799 848 2860 satt.
884 2793 909 2860 Ι.
934 2791 1025 2859 VIII.
1048 2792 1137 2858 XVI.

78 2921 192 2985 Altera
216 2944 352 3004 persono
375 2922 505 3005 loquens
529 2922 633 2985 subito
656 2921 817 2984 inducitur
835 2943 865 2984 v.
885 2921 936 2999 16,
956 2920 1038 3002 quod
1055 2919 1139 3002 apud

79 3043 262 3109 Iuvenalem
286 3068 370 3128 saepe
395 3047 463 3109 fieri
490 3047 554 3108 iam
578 3046 783 3109 ostendimus,
831 3045 895 3109 cfr.
920 3044 960 3108 V.
987 3045 1038 3120 74,
1063 3045 1137 3123 135,

77 3168 136 3236 VI.
161 3172 237 3248 492,
261 3168 335 3235 Vll.
362 3172 435 3248 158,
458 3169 548 3235 XIV.
573 3172 613 3233 60
639 3171 678 3233 al.
719 3168 859 3252 Opponit
881 3173 975 3252 poeta
998 3169 1082 3231 inter
1105 3190 1138 3231 se

78 3294 208 3360 Ulixem
232 3298 264 3358 et
287 3317 343 3358 nos
367 3318 417 3358 vv.
443 3297 484 3358 26
509 3316 589 3377 sqq,
614 3264 869 3371 et'vocabulum
893 3293 976 3376 quod
1000 3296 1048 3356 est
1071 3315 1138 3371 nos,

79 3423 115 3482 ut
150 3420 328 3504 graviorem
364 3419 429 3482 vim
463 3419 591 3498 habeat,
626 3441 655 3482 v.
692 3421 732 3481 29
757 3419 902 3481 iteratur.
949 3415 1067 3481 Similis
1091 3421 1139 3480 est

79 3543 131 3607 hio
167 3544 253 3607 locus
287 3544 389 3622 alteri,
426 3544 478 3626 qui
516 3548 563 3607 est
596 3540 654 3607 VI.
690 3544 752 3607 622
778 3565 856 3626 sqq,
881 3543 936 3606 ubi
960 3543 1083 3606 boletus
1108 3545 1140 3604 et

79 3668 148 3731 haec
171 3669 259 3751 potio
281 3670 365 3732 inter
388 3690 421 3731 se
446 3671 646 3752 opponuntur
666 3671 701 3739 ,et
724 3670 866 3746 verbum,
891 3669 974 3751 quod
996 3670 1044 3731 est
1059 3666 1138 3744 haee,

79 3812 292 3819 ——..—-.-—-

108 3934 112 3943 ,
192 3879 209 3946 ¹)
230 3882 360 3934 Hunuruu
379 3879 408 3933 in
428 3880 505 3949 praef.
524 3898 551 3948 p.
571 3881 681 3934 XXXII.

191 3967 210 4037 ²)
231 3971 351 4023 Il-mnucn
370 3969 388 4022 l.
409 3970 429 4022 l.
448 3988 474 4038 p.
494 3969 537 4022 48.
