2828 4612
344 473 525 538 Orationem
549 474 640 558 quasi
663 496 725 536 uno
745 477 854 538 tenore
870 470 1028 557 profluere
1046 474 1192 548 diximus,
1210 473 1298 536 nulla

237 621 325 664 mora
347 599 542 688 impeditam.
590 597 649 662 Est
672 601 779 684 tamen
802 598 836 661 in
858 598 949 662 initio
973 598 1079 662 satirae
1101 619 1210 662 versus
1226 598 1298 680 qui-

238 724 320 802 dam,
344 746 439 807 quem
462 723 489 786 si
512 723 684 786 retinemus
708 723 783 786 ordo
807 745 825 784 a
848 744 898 786 me
922 723 1014 786 modo
1038 721 1183 786 laudatus
1200 721 1298 786 vehe-

237 850 361 912 menter
395 847 645 930 interrumpatur
679 868 807 910 necesse
843 849 900 911 est.
946 844 1031 909 Nam
1065 848 1098 909 iu
1130 847 1237 910 codice
1261 845 1296 910 P.

150 1055 152 1060 Ι
237 976 310 1055 post
334 975 482 1054 quartum
505 993 631 1035 versum
654 943 709 1034 hic
730 971 848 1054 legitur

344 1182 397 1222 nos
422 1164 578 1238 colaphum
602 1163 761 1221 incutimus
785 1163 928 1221 lambenti
951 1164 1084 1221 crustula
1107 1181 1192 1221 servo

347 1344 427 1409 Cum
449 1345 585 1428 primum
609 1344 694 1407 hunc
717 1338 843 1431 versum
859 1345 1012 1424 ridemus,
1030 1345 1298 1427 obstupescimus;

237 1470 308 1533 fieri
344 1492 406 1533 non
440 1473 554 1552 potest,
590 1471 626 1532 ut
659 1491 722 1532 nou
749 1471 1019 1551 obstupescamus,
1066 1468 1192 1532 Positus
1216 1469 1299 1531 inter

238 1593 393 1659 Rauolam
432 1598 464 1656 et
502 1574 706 1677 Crepereium
741 1593 794 1656 ille
830 1615 938 1657 servus
972 1594 1173 1658 mirationem
1208 1593 1299 1658 nobis

240 1720 328 1783 facit.
386 1717 579 1782 Scholiastes
617 1719 734 1782 nodum
772 1718 951 1802 aenigmatis
990 1718 1110 1782 solvere
1150 1721 1298 1792 conatur3

240 1844 442 1922 sententiam,
481 1843 718 1926 qualiscumque
758 1846 815 1921 est,
855 1846 1022 1926 extorquet
1055 1864 1157 1925 neque
1192 1847 1300 1905 tamen

238 1967 330 2031 istius
354 1968 401 2030 rei
424 1968 520 2031 fidem
542 1968 634 2031 nobis
658 1968 745 2031 facit.
792 1966 938 2052 Pinzger,
963 1967 1180 2044 Achaintrius‚
1197 1966 1299 2031 Heiu-
1389 1999 1394 2016 =

237 2090 367 2170 richius‚
402 2095 437 2155 ut
471 2093 581 2175 paucis
616 2092 817 2174 complectar,
841 2114 947 2155 omnes
975 2092 1043 2155 fere
1066 2096 1189 2155 veteres
1214 2113 1300 2155 com-

161 2208 164 2215 ’
237 2219 430 2280 mentatores
463 2238 587 2279 versum
612 2216 754 2298 spurium
778 2216 1006 2295 iudicaverunt,
1031 2238 1048 2279 e
1072 2216 1299 2280 recentioribus

169 2330 173 2341 ’
237 2343 315 2405 satis
351 2341 412 2406 erit
445 2340 659 2405 Ribbeckium
693 2342 847 2417 attulisse,
873 2342 927 2425 qui
951 2343 1079 2431 optimis
1103 2333 1299 2426 argumentis

239 2466 432 2530 demonstrat
446 2459 473 2543 ¹)
496 2465 581 2529 hunc
603 2488 730 2529 versum
752 2489 815 2530 non
839 2489 857 2529 a
880 2465 1030 2530 Iuvenale
1054 2468 1108 2530 sed
1133 2469 1173 2531 ab
1197 2467 1295 2529 inter-

239 2591 382 2673 polatore
418 2591 524 2674 aliquo
548 2591 700 2674 scriptum
724 2613 802 2655 esse.
850 2590 1025 2655 Consensus
1050 2591 1300 2681 doctissimorum

238 2713 402 2778 hominum
437 2716 504 2778 sine
540 2715 635 2779 dubio
670 2717 776 2800 gravis
812 2719 877 2792 est3
913 2716 967 2798 qui
991 2716 1018 2778 si
1042 2716 1175 2789 deesset,
1199 2712 1299 2776 nihilo

239 2839 342 2902 minus
378 2860 505 2903 versum
539 2839 655 2903 falsum
690 2862 757 2903 esse
793 2861 973 2903 asseverare
1007 2860 1191 2922 pergerem:
1226 2860 1300 2900 nam

239 2960 384 3025 iuvenali
418 2984 572 3046 nusquam
596 2986 654 3027 usu
678 2965 776 3043 venit,
799 2969 835 3028 ut
858 2965 1000 3026 ordinem
1023 2963 1205 3026 institutum
1228 2985 1299 3025 sen·
1363 2948 1365 2955 Ι

239 3086 412 3148 tertiarum
436 3089 467 3150 et
490 3087 666 3172 imaginum
689 3064 756 3151 tam
778 3090 887 3170 inepto
911 3089 1002 3151 modo
1026 3088 1248 3170 interrumpat.

346 3208 479 3274 Silentio
513 3233 576 3275 non
611 3217 659 3276 est
693 3213 949 3297 praetereundum
981 3213 1063 3295 quod
1096 3211 1234 3276 Kiaerius
1259 3211 1297 3274 ad

238 3357 288 3398 vv.
326 3337 455 3400 22-24
490 3338 620 3401 adnotat
635 3336 661 3417 2)
697 3358 767 3400 cum
790 3336 823 3398 id
846 3337 886 3399 ad
911 3359 1000 3400 usum
1023 3336 1182 3401 scribendi
1205 3333 1298 3421 luve-

239 3459 401 3523 nalianum
424 3461 647 3524 illustrandum
670 3482 864 3544 magnopere
887 3461 1002 3525 valeat.
1037 3460 1123 3525 Nam
1141 3457 1218 3524 'cum
1243 3460 1299 3522 ali'i

239 3587 311 3667 post
342 3583 558 3668 Ganymedem
582 3607 702 3649 comma
726 3585 862 3664 deleant,
887 3585 942 3648 alii
965 3586 1148 3665 adhibeant,
1173 3586 1210 3648 fit
1232 3585 1297 3649 for-

350 3795 368 3863 ¹]
388 3799 507 3850 Brasaca
527 3796 545 3848 l.
566 3797 584 3848 l.
603 3815 629 3864 p.
651 3797 797 3849 124-125.

349 3885 369 3954 ⁹)
389 3887 418 3939 L.
438 3887 529 3939 Krisa:
557 3885 715 3938 Sermonem
734 3885 766 3938 D.
785 3884 859 3938 Iunii
878 3885 1018 3940 luvenalis
1032 3889 1083 3940 cet.
1098 3885 1215 3940 Hauniae
1231 3886 1297 3938 1875

237 3994 285 4045 pp.
306 3975 418 4029 30-32.
