2828 4612
622 300 793 362 —6?—-

174 479 240 542 sint
274 477 426 542 habituri.
472 475 683 560 Opponuntur
714 476 797 539 enim
821 476 956 557 quodam
979 477 1069 539 modo
1092 477 1176 540 inter
1198 500 1231 540 se

174 603 209 677 ii,
244 601 299 685 qui
334 624 405 665 cum
439 601 548 665 Rutilo
582 602 646 664 iam
681 601 714 664 in
745 623 781 664 eo
816 604 899 679 sunt,
923 603 958 664 ut
981 602 1109 664 miseria
1132 602 1233 665 coacti

175 726 371 811 gladiatores
405 727 492 804 fiant,
528 729 560 788 et
591 726 624 803 ii,
649 726 763 808 quibus
787 725 889 788 adhuc
913 729 1012 789 restat
1034 725 1232 789 fortunarum

174 851 349 934 paululum,
389 852 444 914 sed
478 851 532 933 qui
567 873 640 913 mox
675 852 715 913 ad
749 872 904 913 summam
939 851 1076 934 inopiam
1112 851 1232 914 redacti

174 976 366 1059 exemplum,
390 976 473 1058 quod
497 976 584 1038 dedit
606 975 743 1053 Rutilus,
768 975 857 1057 sequi
881 979 1044 1059 cogentur.
1084 974 1162 1039 Haec
1185 979 1233 1039 est

174 1100 368 1184 significatio
401 1100 566 1182 particula
601 1121 704 1182 porro.
755 1095 823 1162 Iam
857 1099 955 1176 videa,
990 1100 1094 1182 inquit
1127 1104 1232 1183 poeta,

174 1225 254 1307 quid
288 1224 415 1287 Rutilus
451 1228 599 1306 expertus
634 1224 685 1299 sit,
709 1224 764 1286 sed
786 1227 904 1305 praeter
926 1222 1010 1287 hunc
1033 1225 1126 1286 multi
1149 1228 1232 1305 sunt,

174 1350 230 1434 qui
265 1342 398 1413 eandem
432 1349 516 1412 viam
550 1348 686 1431 ingressi
721 1348 760 1410 ad
795 1349 927 1411 eandem
961 1351 1080 1411 metam
1107 1350 1232 1412 venturi

173 1474 250 1539 sint.
288 1473 347 1537 Est
370 1474 525 1557 oppositio
549 1473 703 1555 (luendam,
723 1494 915 1554 quamquam
932 1472 1056 1554 utrique
1072 1473 1106 1535 in
1122 1475 1231 1536 eadem

173 1600 228 1663 via
261 1602 345 1671 sunt,
380 1598 434 1661 sed
466 1602 560 1681 poeta
584 1597 688 1660 dicere
712 1597 790 1673 vult,
815 1598 893 1659 alios
918 1597 987 1659 aliis
1011 1597 1136 1680 longius
1159 1619 1232 1680 pro·

176 1723 318 1787 cessisse.
365 1721 462 1786 Porro
496 1722 595 1805 igitur
625 1722 709 1784 idem
733 1723 799 1797 fere
823 1722 982 1805 siguificat
1006 1744 1042 1784 ac
1066 1725 1231 1804 praeterea.

176 1844 261 1911 Nam
297 1848 380 1930 quod
415 1850 521 1910 monet
555 1846 775 1931 Bergmueller
792 1847 827 1927 ¹),
855 1844 937 1908 hauc
960 1846 1150 1928 particulam
1172 1845 1233 1909 hoc

177 1971 244 2036 loco
279 1972 319 2035 ad
347 1972 655 2056 argumentationem
678 1975 832 2053 spectare,
857 1971 940 2052 quod
963 1971 997 2032 in
1021 1970 1233 2053 assumptione

174 2096 218 2159 sit
252 2095 512 2179 (propositionem
548 2095 631 2158 eninr
666 2116 733 2158 esse
768 2095 844 2157 dicit
866 2117 915 2157 vv.
942 2096 1041 2157 5-8:
1066 2117 1232 2178 pauperes,

174 2221 232 2303 qui
253 2219 412 2309 luxuriose
436 2221 555 2297 vivunt,
573 2220 612 2281 ad
628 2219 865 2281 mendicitatem
882 2218 1087 2300 rediguntur3
1111 2240 1232 2281 assum-

173 2346 318 2429 ptionem
341 2367 370 2407 v.
396 2345 433 2408 9:
460 2344 549 2406 multi
574 2344 605 2406 id
629 2343 765 2418 faciunt;
791 2342 1023 2405 conclusionem
1046 2365 1076 2405 v.
1101 2345 1158 2406 20:
1188 2344 1232 2406 sic

173 2469 308 2532 veniunt
343 2469 382 2531 ad
405 2468 601 2531 miscillanea
624 2467 703 2547 ludi)
728 2467 794 2529 eius
818 2467 901 2530 modi
926 2467 1233 2550 argumentationem

173 2615 240 2658 non
263 2594 488 2677 magnifacio,
512 2614 582 2674 quae
606 2596 772 2674 practerea,
797 2592 823 2653 si
839 2591 935 2654 talem
951 2592 1057 2654 verbis
1073 2589 1233 2655 luvenalis

174 2718 445 2803 significationem
469 2718 624 2791 daremus,
644 2716 702 2780 hoc
718 2717 810 2779 modo
828 2716 1041 2780 concludenda
1058 2719 1153 2779 esset:
1178 2717 1232 2799 qui

177 2842 337 2906 luxuriose
361 2843 472 2913 vivunt
495 2841 687 2925 gladiatores
704 2842 799 2915 fiunt;
823 2840 915 2903 multi
931 2841 1089 2903 luxuriose
1106 2841 1232 2905 vivunt:

174 2967 269 3031 multi
293 2989 370 3051 ergo
393 2966 584 3050 gladiatores
608 2966 697 3029 fiunt.
743 2965 824 3027 Mihi
847 2969 941 3046 poeta
962 2965 1077 3027 dixisse
1097 2965 1232 3043 videtur,

175 3092 255 3155 alios
278 3094 410 3173 propter
434 3094 608 3171 egestatem
632 3090 824 3174 gladiatores
849 3089 912 3151 iam
940 3111 1017 3165 esse,
1042 3089 1119 3152 alios
1144 3089 1232 3151 brevi

174 3216 312 3280 futuros.
359 3214 422 3279 cn.
449 3214 593 3298 exempla
617 3212 676 3279 HI.
703 3216 775 3292 126,
799 3210 873 3276 VH.
899 3214 950 3276 98.

163 3334 168 3341 ’
283 3340 332 3403 Ea
367 3340 534 3416 sententia,
570 3362 639 3421 quae
675 3361 732 3422 per
766 3338 956 3421 particulam
990 3338 1112 3400 interea
1142 3337 1233 3399 indu-

175 3465 260 3529 citur
282 3487 312 3528 ν,
338 3465 395 3528 14:

336 3599 577 3687 interea-'gustus
602 3613 746 3668 elementa
769 3630 821 3685 per
845 3610 941 3668 omnia
966 3612 1104 3684 sparserunt

175 3766 339 3830 simillima
363 3766 392 3828 ei
416 3770 472 3843 est,
496 3788 565 3847 qua
589 3762 646 3829 VI.
670 3766 732 3826 461
759 3764 891 3847 legitur:

288 3977 306 4045 ¹)
327 3980 506 4032 Bencsrtnnan
525 3978 542 4030 l.
561 3978 579 4029 l.
598 3996 624 4046 p.
644 3977 685 4029 2⁶2.
