2828 4612
670 254 858 333 '-42-

348 447 396 511 De
421 448 642 512 distributione
666 469 814 511 versuum
837 447 897 510 viri
920 447 1004 510 docti
1028 447 1112 510 inter
1128 467 1160 508 se
1178 447 1301 509 dissen-

241 573 334 636 tiunt.
375 572 593 636 Heinrichius:
630 572 731 647 multi,
766 572 870 655 inquit
888 571 922 654 ¹),
958 593 1082 635 rumore
1107 574 1139 634 et
1161 571 1301 634 tumultu

241 697 349 775 exciti,
386 696 469 761 inter
496 718 528 759 se
553 696 811 760 sermocinantur.
858 694 1024 760 Noverunt
1047 697 1174 779 quidem
1197 696 1301 758 lamo-

240 844 311 884 sum
335 819 495 899 Seianum,
518 843 620 903 neque
645 825 751 884 tamen
775 820 901 904 qualem
923 821 1043 884 exitum
1059 820 1207 884 habuerit
1222 820 1301 882 satis

193 946 195 957 '
240 946 360 1010 sciunt:
396 944 470 1008 hinc
506 946 625 1009 crebrae
660 945 723 1009 illae
756 945 1032 1029 interrogationes
1058 946 1132 1008 dum
1156 944 1235 1007 alter
1261 945 1301 1007 ab

241 1070 342 1133 altero
369 1068 488 1152 aliquid
514 1069 622 1132 audire
647 1070 724 1133 vult.
773 1069 856 1133 Pone
881 1070 964 1133 domi
987 1069 1094 1131 laurus
1119 1072 1178 1131 eet.
1203 1069 1303 1164 rerba

241 1197 343 1276 poetes
379 1200 461 1274 sunt,
496 1214 595 1278 usque
624 1194 673 1259 ad.
698 1218 727 1259 v.
752 1196 791 1258 67
816 1194 984 1277 loquentis.
1030 1193 1111 1256 Tum
1135 1194 1217 1256 enim
1242 1193 1303 1255 ali-

241 1318 314 1401 quis
350 1341 388 1382 ex
423 1320 653 1402 spectatoribus
689 1341 761 1381 eum
790 1319 840 1381 his
863 1319 969 1382 verbis
993 1318 1192 1401 interpellat:
1229 1339 1302 1400 quae

241 1443 333 1506 labra
370 1479 410 1487 —-
447 1465 508 1525 quo
542 1446 623 1506 teste
658 1443 804 1525 probavit
835 1442 877 1525 (v.
903 1443 968 1525 70).
1016 1442 1208 1524 Respondet,
1232 1443 1303 1505 sine

241 1568 339 1630 dubio
373 1570 483 1650 poeta:
520 1568 566 1631 nil
599 1568 711 1631 horum
745 1604 784 1615 —
810 1592 828 1631 a
852 1568 993 1651 Capreis
1040 1567 1132 1630 Prior
1155 1567 1208 1630 ille
1232 1555 1304 1630 tum

241 1692 335 1755 dicit:
370 1693 449 1756 bene
473 1692 580 1770 habet,
604 1693 650 1755 nil
673 1693 744 1775 plus
769 1693 939 1776 interrogo
985 1690 1093 1756 Verba
1117 1715 1187 1774 quae
1211 1695 1302 1756 sunt:

241 1818 297 1880 sed
332 1818 408 1900 quid
443 1819 537 1882 turba
571 1816 665 1881 Remi
702 1854 741 1861 —·
776 1840 892 1899 panem
926 1820 958 1880 et
985 1818 1141 1880 circenses
1166 1817 1207 1899 (v.
1234 1818 1303 1899 81),

242 1945 343 2024 poetae
378 1946 461 2005 sunt.
509 1941 590 2005 Tum
625 1943 679 2005 alii
703 1945 896 2024 spectatores
920 1943 1005 2025 loqui
1029 1946 1178 2026 pergunt,
1202 1965 1303 2008 unus:

243 2067 400 2149 perituros
436 2067 528 2130 audio
563 2067 689 2141 multos,
727 2066 822 2130 alter:
859 2067 904 2129 nil
932 2068 1071 2130 dubium.
1119 2066 1305 2141 Quomodo
1344 2133 1347 2139 ,

114 2273 118 2283 Ι
244 2190 449 2254 Heinrichius
484 2192 622 2274 reliquos
657 2213 766 2254 versus
789 2192 873 2255 inter
896 2192 1107 2275 colloquentes
1133 2192 1305 2273 dispertire

241 2316 331 2392 velit,
355 2317 523 2390 nescimus,
548 2338 620 2379 cum
644 2316 681 2379 de
706 2338 743 2379 en
766 2338 800 2379 re
824 2316 904 2379 nihil
929 2317 1135 2380 adnotaverit.

350 2441 471 2504 Eadem
504 2441 571 2503 lere
596 2443 644 2503 est
668 2441 779 2504 divisio
802 2465 821 2504 a
843 2438 956 2504 Ialrnio
979 2441 1074 2505 facta.
1121 2437 1152 2502 Is
1176 2463 1304 2524 quoque

243 2587 293 2629 vv.
320 2565 447 2628 65-67
473 2568 574 2646 poetae
600 2565 755 2642 attribuit,
773 2566 828 2628 sed
845 2565 982 2647 reliquos
998 2587 1107 2628 versus
1123 2566 1207 2628 inter
1223 2566 1304 2630 duos

241 2692 365 2752 tantum
400 2689 543 2751 homines
579 2689 701 2765 dividit,
734 2712 796 2752 non
821 2693 856 2751 ut
880 2689 1083 2753 Heinrichius
1109 2690 1190 2752 inter
1214 2712 1304 2753 com-

241 2814 358 2896 plures.
406 2813 567 2886 Praeteren
600 2817 707 2896 partes
743 2813 861 2898 dialogi
893 2815 1012 2877 eaedem
1044 2781 1127 2897 apud
1153 2811 1305 2878 Iahnium

242 2943 317 3002 sunt
341 2942 436 3021 atque
460 2938 544 3020 apud
569 2936 799 3002 Heinrichium.

348 3062 492 3144 Utraque
528 3063 609 3125 ratio
626 3045 761 3147 dialogi
796 3063 975 3145 explicandi
999 3063 1146 3146 displicet
1169 3063 1303 3135 Kiaerio,

242 3189 298 3270 qui
327 3187 420 3250 alian]
445 3187 530 3250 viam
552 3186 731 3271 ingreditur
747 3187 783 3270 2).
830 3187 1002 3273 Dialogum
1026 3210 1093 3252 esse
1118 3189 1194 3251 dicit
1217 3188 1305 3253 inter

243 3313 320 3374 duos
343 3311 498 3389 homines
525 3315 652 3393 poetam
675 3311 789 3395 ipsum,
813 3335 945 3397 gravem
968 3317 1000 3376 et
1023 3316 1220 3376 constantem
1243 3312 1313 3376 ho·-

243 3437 371 3514 minem,
399 3436 642 3500 inconstantiam
665 3437 767 3520 plebis
791 3438 873 3500 salse
896 3439 1082 3501 irridentem
1106 3442 1201 3520 atque
1225 3460 1304 3512 ena-¹

243 3561 411 3646 gitantem
436 3565 468 3623 et
490 3559 651 3624 hominem
674 3562 712 3624 de
736 3562 840 3644 plebe,
863 3563 1000 3640 anxium,
1018 3563 1183 3640 curiosum,
1201 3564 1305 3645 trepi-

243 3687 328 3764 dum,
368 3707 475 3748 omnes
513 3685 814 3769 interrogationibus
853 3690 1030 3752 vexantem.
1087 3687 1165 3750 Eius
1203 3689 1306 3752 verba

353 3860 372 3928 ¹)
392 3862 524 3916 Hnnuncn
543 3862 562 3916 l.
582 3862 600 3915 l.
619 3863 653 3915 II.
672 3880 718 3932 pp.
738 3862 790 3916 386
809 3881 867 3930 sqq.

353 3948 373 4019 ⁹}
393 3952 469 4007 Krsn
486 3953 505 4005 l.
526 3952 546 4004 l.
564 3969 610 4021 pp.
631 3951 781 4006 128-131.
