2828 4612
702 268 853 353 42„-

239 466 244 487 '
355 467 475 532 Notum
510 472 567 546 est,
603 470 634 532 in
671 492 755 532 nona
789 469 887 531 satira
910 468 1140 550 impudentiam
1164 469 1312 551 pathico-

249 583 319 656 rum
356 593 518 657 hominum
558 597 590 656 et
628 593 784 676 imprimis
820 593 1008 656 draucorum
1042 594 1161 664 vexari,
1197 596 1229 675 et
1263 595 1309 657 ita

249 719 386 800 quidem,
423 722 458 781 ut
492 717 573 780 nihil
609 718 676 781 fere
712 721 810 781 restet
834 719 874 780 ad
898 718 1087 782 addendum.
1133 694 1231 781 Miser
1254 717 1308 781 ille

248 840 410 920 Naerolus,
447 842 585 905 famosus
619 841 723 921 homo,
760 846 794 905 ut
828 842 962 919 videtur,
997 846 1029 905 et
1052 843 1184 924 quodvis
1208 864 1309 926 genus

250 960 400 1049 nequitiae
436 971 595 1049 expertus,
632 967 850 1030 acerbissimos
887 966 1016 1044 dolores,
1052 967 1205 1043 miseriem,
1237 989 1309 1049 spes

249 1113 319 1154 cum
344 1088 493 1154 iuvenale
518 1092 742 1159 communicat:
767 1091 887 1154 nullam
911 1113 943 1153 se
968 1092 1146 1154 mercedem
1162 1090 1306 1154 laborum

253 1216 407 1298 accipere,
444 1237 575 1297 operam
610 1238 644 1278 se
679 1216 811 1298 perdere
846 1216 972 1297 iamque
1000 1215 1082 1278 curis
1107 1220 1139 1278 et
1161 1215 1309 1278 aerumnis

251 1362 395 1422 pressum
418 1342 604 1404 occumbere
629 1344 660 1402 et
683 1362 783 1422 prope
805 1341 976 1424 exstingui,
993 1341 1152 1422 queritur3
1178 1339 1310 1402 cavilla-

249 1466 302 1526 tur
338 1486 409 1527 cunr
444 1486 481 1527 eo
510 1463 670 1527 luvenalis
694 1487 753 1527 nec
776 1463 936 1528 hominem
959 1465 1110 1527 miserum
1133 1464 1194 1529 nisi
1217 1463 1308 1527 irrito

240 1610 304 1670 ‘spe
340 1589 529 1651 consoletur.
575 1586 625 1652 Ne
660 1590 757 1653 verbo
784 1589 911 1671 quidem
936 1625 976 1633 -
1002 1589 1046 1652 nit
1069 1587 1265 1652 Ribbeckius
1281 1587 1307 1667 ¹)

253 1748 290 1756 ·-
327 1716 421 1796 poeto
455 1713 629 1795 nequitiam
663 1712 787 1777 Naeroli
811 1712 1034 1795 reprehendit:
1071 1715 1181 1776 credas
1204 1714 1308 1779 omnia

250 1841 334 1900 recte
367 1859 399 1900 se
424 1837 552 1900 habere.
599 1839 644 1900 At
667 1840 735 1900 tota
758 1837 856 1900 satira
880 1837 1083 1920 reprehensio
1106 1838 1183 1900 satis
1205 1838 1309 1900 mani-

250 1962 332 2024 festa
365 1952 425 2039 ese
446 1961 521 2024 licet
543 1964 637 2044 poeta
661 1962 779 2044 apertis
802 1962 907 2025 verbis
931 1962 964 2024 in
986 1959 1155 2026 Naevolum
1178 1962 1310 2043 eiusque

250 2090 418 2168 patronum
442 2108 505 2150 non
528 2085 706 2149 invehatur.

356 2210 416 2275 Vv.
444 2212 548 2293 1-ῥ26
572 2212 670 2274 rerba
693 2215 794 2293 poetae
820 2211 996 2288 continent,
1021 2211 1074 2293 qui
1100 2233 1227 2273 causam
1249 2210 1310 2271 tri-

251 2336 346 2398 stitiae
381 2333 507 2399 Neevoli
544 2337 708 2418 explorare
743 2336 822 2399 vult.
868 2334 1050 2418 Sequuntur
1084 2357 1133 2400 vr.
1167 2335 1307 2408 27-90,

250 2482 327 2542 quos
350 2457 483 2523 Naerolo
506 2460 689 2524 tribuendos
713 2459 857 2546 plerique
882 2462 1021 2522 censent.
1065 2457 1309 2522 Nominabimus

250 2585 334 2648 infra
370 2607 446 2663 eos„
468 2606 599 2666 quorum
635 2584 673 2646 de
708 2584 758 2646 his
792 2584 935 2646 versibus
966 2583 1051 2646 aliud
1075 2583 1225 2645 iudicium
1250 2586 1307 2644 est.

226 2706 396 2803 'immissa
430 2712 503 2784 sunt
538 2708 659 2772 duobus
695 2707 771 2772 locis
806 2708 847 2789 (r.
882 2711 934 2785 39,
967 2707 1022 2788 63)
1057 2708 1154 2771 verba
1189 2706 1312 2788 aliquot

251 2834 368 2898 sordidi
392 2834 529 2916 patroni.
568 2832 645 2896 Post
668 2835 796 2897 brevem
820 2838 921 2916 poetae
946 2833 1228 2916 interrogationem
1245 2830 1308 2911 (vv.

252 2957 395 3040 90—91)
418 2954 567 3021 Naevolus
591 2958 802 3040 querimonias
825 2958 987 3021 continuat
1014 2957 1307 3039 usqueadv.102,

251 3083 304 3147 ubi
328 3086 423 3165 poeta
447 3081 636 3174 colloquium
660 3082 787 3164 excipit,
804 3104 866 3145 uno
882 3086 990 3146 tenore
1006 3081 1199 3165 pergensad
1212 3081 1309 3144 verba

250 3203 392 3269 Naeroli:
428 3206 506 3268 utile
538 3205 702 3268 consilium
727 3211 787 3270 cet.
811 3206 855 3284 (v.
881 3207 968 3288 124).
1013 3207 1066 3268 Ad
1090 3228 1138 3283 ea,
1162 3227 1232 3288 quae
1256 3203 1310 3266 hic

250 3351 312 3393 non
344 3330 411 3392 sine
436 3352 555 3413 angore
579 3330 694 3412 quaerit
717 3329 779 3411 (vv.
807 3331 1004 3412 lul-129),
1029 3335 1124 3413 poeta
1147 3331 1186 3393 iis
1209 3328 1312 3393 versi·

251 3455 309 3518 bus
333 3455 513 3536 respondet,
538 3455 591 3536 qui
616 3477 634 3516 a
660 3455 721 3518 130
746 3454 918 3537 incipiunt:
943 3477 982 3518 ne
1006 3456 1131 3537 trepida
1155 3457 1214 3516 cet.

357 3577 434 3642 Post
467 3602 497 3643 v.
535 3580 597 3641 134
631 3579 726 3642 finem
760 3580 884 3643 dicendi
908 3579 1019 3642 fecerit
1043 3601 1083 3642 an
1106 3579 1198 3660 plura
1222 3577 1311 3640 adili-2

252 3703 343 3781 derit,
367 3725 429 3766 non
452 3704 562 3786 liquet.
608 3702 723 3766 Exstat
746 3704 918 3766 versiculus

316 3953 319 3958 ι
361 3876 582 3946 ²)O.R1nnncu:
609 3879 664 3934 Der
691 3880 770 3934 echte
797 3878 854 3931 und
872 3878 920 3933 der
937 3879 1055 3932 unechte
1073 3877 1196 3939 Iuvenol,
1216 3875 1310 3930 Berlin

252 3967 320 4020 1835
339 3986 365 4036 p.
387 3969 445 4021 112.
